,symbol,timestamp,base,quote,bid_price,bid_volume,ask_price,ask_volume
0,ETH/BTC,2023-03-12 20:43:44.490,ETH,BTC,0.072425,0.1,0.072443,1.8801
1,BNB/BTC,2023-03-12 20:43:44.700,BNB,BTC,0.01321,3.9,0.013222,4.975
2,LTC/BTC,2023-03-12 20:43:44.763,LTC,BTC,0.003418,6.253,0.003426,0.067
3,BCH/BTC,2023-03-12 20:43:44.831,BCH,BTC,0.00555,0.045,0.00556,3.964
4,XTZ/BTC,2023-03-12 20:43:45.001,XTZ,BTC,4.784e-05,353.4,4.795e-05,433.3
5,ADA/BTC,2023-03-12 20:43:45.076,ADA,BTC,1.496e-05,2218.5,1.499e-05,1264.8
6,LINK/BTC,2023-03-12 20:43:45.154,LINK,BTC,0.0002988,20.78,0.0002993,64.98
7,VET/BTC,2023-03-12 20:43:45.220,VET,BTC,9.9e-07,40240.0,1e-06,34252.0
8,UNI/BTC,2023-03-12 20:43:45.286,UNI,BTC,0.0002685,86.76,0.0002696,190.52
9,SOL/BTC,2023-03-12 20:43:45.353,SOL,BTC,0.0008791,3.92,0.0008806,18.64
10,LRC/BTC,2023-03-12 20:43:45.456,LRC,BTC,1.365e-05,169.0,1.37e-05,2304.0
11,MATIC/BTC,2023-03-12 20:43:45.592,MATIC,BTC,5.157e-05,100.2,5.168e-05,235.0
12,DOT/BTC,2023-03-12 20:43:45.659,DOT,BTC,0.0002671,75.69,0.0002678,11.69
13,MANA/BTC,2023-03-12 20:43:45.728,MANA,BTC,2.553e-05,741.0,2.561e-05,825.0
14,ATOM/BTC,2023-03-12 20:43:45.804,ATOM,BTC,0.0005321,0.04,0.0005327,77.65
15,AVAX/BTC,2023-03-12 20:43:45.901,AVAX,BTC,0.0007087,0.01,0.0007097,26.88
16,TRX/BTC,2023-03-12 20:43:46.002,TRX,BTC,2.86e-06,8388.0,2.87e-06,7055.0
17,DOGE/BTC,2023-03-12 20:43:46.100,DOGE,BTC,3.21e-06,4.0,3.22e-06,5049.0
18,ADA/ETH,2023-03-12 20:43:46.177,ADA,ETH,0.0002061,992.8,0.0002062,0.5
19,BTC/USDT,2023-03-12 20:43:46.248,BTC,USDT,21183.92,0.02331,21191.68,0.27052
20,ETH/USDT,2023-03-12 20:43:46.314,ETH,USDT,1534.39,2.2,1535.06,0.0234
21,BCH/USDT,2023-03-12 20:43:46.446,BCH,USDT,117.5,3.484,117.7,0.75
22,LTC/USDT,2023-03-12 20:43:46.515,LTC,USDT,72.5,1.0,72.56,1.5
23,BNB/USDT,2023-03-12 20:43:46.629,BNB,USDT,279.9,3.1,280.0,1.799
24,ADA/USDT,2023-03-12 20:43:46.698,ADA,USDT,0.317,5676.7,0.3172,2340.0
25,BAT/USDT,2023-03-12 20:43:46.769,BAT,USDT,0.2126,1115.0,0.2133,1210.0
26,ETC/USDT,2023-03-12 20:43:46.841,ETC,USDT,17.53,44.59,17.57,78.6
27,XLM/USDT,2023-03-12 20:43:46.904,XLM,USDT,0.0797,1179.0,0.0799,11941.0
28,ZRX/USDT,2023-03-12 20:43:46.970,ZRX,USDT,0.2001,1939.0,0.2013,1717.0
29,DOGE/USDT,2023-03-12 20:43:47.043,DOGE,USDT,0.06784,17779.0,0.06788,7500.0
30,ATOM/USDT,2023-03-12 20:43:47.110,ATOM,USDT,11.272,26.9,11.284,7.0
31,NEO/USDT,2023-03-12 20:43:47.173,NEO,USDT,9.68,233.78,9.71,189.36
32,VET/USDT,2023-03-12 20:43:47.236,VET,USDT,0.021,17968.38,0.02103,2600.0
33,QTUM/USDT,2023-03-12 20:43:47.303,QTUM,USDT,2.558,38.8,2.568,233.3
34,ONT/USDT,2023-03-12 20:43:47.365,ONT,USDT,0.1955,2016.0,0.1964,6250.0
35,KNC/USDT,2023-03-12 20:43:47.436,KNC,USDT,0.616,597.1,0.619,596.0
36,VTHO/USDT,2023-03-12 20:43:47.517,VTHO,USDT,0.001303,5427676.0,0.001308,45593.0
37,COMP/USDT,2023-03-12 20:43:47.584,COMP,USDT,39.52,9.968,39.62,8.961
38,HNT/USDT,2023-03-12 20:43:47.658,HNT,USDT,2.1,1164.75,2.12,558.58
39,MKR/USDT,2023-03-12 20:43:47.724,MKR,USDT,708.0,0.6417,711.0,0.6459
40,ONE/USDT,2023-03-12 20:43:47.790,ONE,USDT,0.01631,9759.4,0.01634,3500.0
41,BAND/USDT,2023-03-12 20:43:47.859,BAND,USDT,1.499,268.3,1.504,384.1
42,STORJ/USDT,2023-03-12 20:43:47.926,STORJ,USDT,0.3129,290.0,0.3143,611.0
43,BUSD/USDT,2023-03-12 20:43:47.995,BUSD,USDT,0.9928,15226.0,0.9938,1362.0
44,UNI/USDT,2023-03-12 20:43:48.059,UNI,USDT,5.693,93.14,5.706,11.63
45,SOL/USDT,2023-03-12 20:43:48.127,SOL,USDT,18.65,8.56,18.66,42.7
46,EGLD/USDT,2023-03-12 20:43:48.194,EGLD,USDT,39.27,13.7,39.39,11.95
47,PAXG/USDT,2023-03-12 20:43:48.268,PAXG,USDT,1904.0,0.3012,1909.0,0.0167
48,OXT/USDT,2023-03-12 20:43:48.600,OXT,USDT,0.0822,1000.0,0.0827,9073.0
49,ZEN/USDT,2023-03-12 20:43:48.666,ZEN,USDT,9.31,39.9,9.33,2.28
50,FIL/USDT,2023-03-12 20:43:48.734,FIL,USDT,5.263,375.9,5.279,132.87
51,AAVE/USDT,2023-03-12 20:43:48.800,AAVE,USDT,69.0,115.924,69.2,9.904
52,GRT/USDT,2023-03-12 20:43:48.866,GRT,USDT,0.1187,2772.0,0.1191,25483.0
53,SHIB/USDT,2023-03-12 20:43:48.954,SHIB,USDT,1.036e-05,138294938.0,1.037e-05,88790268.0
54,CRV/USDT,2023-03-12 20:43:49.027,CRV,USDT,0.892,843.8,0.896,434.3
55,AXS/USDT,2023-03-12 20:43:49.112,AXS,USDT,7.48,59.04,7.53,107.91
56,AVAX/USDT,2023-03-12 20:43:49.176,AVAX,USDT,15.02,40.94,15.03,24.5
57,CTSI/USDT,2023-03-12 20:43:49.242,CTSI,USDT,0.1231,1239.0,0.1234,2988.0
58,DOT/USDT,2023-03-12 20:43:49.307,DOT,USDT,5.661,11.0,5.667,33.48
59,YFI/USDT,2023-03-12 20:43:49.375,YFI,USDT,7438.0,0.01271,7455.0,0.01113
60,1INCH/USDT,2023-03-12 20:43:49.443,1INCH,USDT,0.448,874.8,0.45,76.0
61,FTM/USDT,2023-03-12 20:43:49.519,FTM,USDT,0.3591,750.0,0.3594,750.0
62,USDC/USDT,2023-03-12 20:43:49.592,USDC,USDT,0.9552,9627.0,0.9559,2332.0
63,MATIC/USDT,2023-03-12 20:43:49.665,MATIC,USDT,1.093,347.9,1.0942,160.5
64,MANA/USDT,2023-03-12 20:43:49.745,MANA,USDT,0.5412,1942.0,0.5424,962.0
65,ALGO/USDT,2023-03-12 20:43:49.812,ALGO,USDT,0.1908,99.0,0.1911,180.0
66,LINK/USDT,2023-03-12 20:43:49.885,LINK,USDT,6.33,79.39,6.342,21.81
67,EOS/USDT,2023-03-12 20:43:49.962,EOS,USDT,1.005,444.1,1.009,1100.7
68,ZEC/USDT,2023-03-12 20:43:50.035,ZEC,USDT,32.6,9.646,32.9,14.994
69,ENJ/USDT,2023-03-12 20:43:50.100,ENJ,USDT,0.3625,2011.7,0.3637,903.9
70,NEAR/USDT,2023-03-12 20:43:50.168,NEAR,USDT,1.862,1060.4,1.866,1020.1
71,OMG/USDT,2023-03-12 20:43:50.236,OMG,USDT,1.273,322.6,1.278,258.2
72,SUSHI/USDT,2023-03-12 20:43:50.316,SUSHI,USDT,1.131,2044.1,1.136,357.3
73,LRC/USDT,2023-03-12 20:43:50.408,LRC,USDT,0.2895,170.0,0.2901,489.0
74,LPT/USDT,2023-03-12 20:43:50.486,LPT,USDT,5.14,212.23,5.16,172.99
75,NMR/USDT,2023-03-12 20:43:50.637,NMR,USDT,15.97,30.12,16.05,29.71
76,SLP/USDT,2023-03-12 20:43:50.708,SLP,USDT,0.002609,181526.0,0.002615,143477.0
77,ANT/USDT,2023-03-12 20:43:50.777,ANT,USDT,2.213,392.0,2.227,8.5
78,CHZ/USDT,2023-03-12 20:43:51.125,CHZ,USDT,0.1102,9955.0,0.1106,9873.0
79,OGN/USDT,2023-03-12 20:43:51.193,OGN,USDT,0.1053,3515.0,0.1058,3499.0
80,GALA/USDT,2023-03-12 20:43:51.286,GALA,USDT,0.03221,71715.0,0.03228,107897.0
81,TLM/USDT,2023-03-12 20:43:51.362,TLM,USDT,0.0166,19963.0,0.01665,32292.0
82,SNX/USDT,2023-03-12 20:43:51.429,SNX,USDT,2.307,270.1,2.312,1252.4
83,AUDIO/USDT,2023-03-12 20:43:51.507,AUDIO,USDT,0.2285,2350.7,0.2291,124.4
84,ENS/USDT,2023-03-12 20:43:51.594,ENS,USDT,12.51,78.9,12.55,3.6
85,REQ/USDT,2023-03-12 20:43:51.665,REQ,USDT,0.0902,3222.0,0.0907,7273.0
86,APE/USDT,2023-03-12 20:43:51.732,APE,USDT,4.028,139.0,4.032,20.0
87,FLUX/USDT,2023-03-12 20:43:51.813,FLUX,USDT,0.61,1069.35,0.614,202.04
88,TRX/USDT,2023-03-12 20:43:51.893,TRX,USDT,0.06067,17149.1,0.06076,8390.7
89,COTI/USDT,2023-03-12 20:43:51.966,COTI,USDT,0.0668,9881.0,0.0674,3826.0
90,VOXEL/USDT,2023-03-12 20:43:52.037,VOXEL,USDT,0.2232,1098.0,0.2244,2987.8
91,RLC/USDT,2023-03-12 20:43:52.101,RLC,USDT,1.348,297.5,1.353,427.1
92,BICO/USDT,2023-03-12 20:43:52.234,BICO,USDT,0.334,1871.25,0.337,1104.25
93,API3/USDT,2023-03-12 20:43:52.302,API3,USDT,1.267,441.78,1.268,27.17
94,BNT/USDT,2023-03-12 20:43:52.366,BNT,USDT,0.401,801.9,0.404,801.5
95,IMX/USDT,2023-03-12 20:43:52.426,IMX,USDT,0.854,353.33,0.858,504.7
96,SPELL/USDT,2023-03-12 20:43:52.498,SPELL,USDT,0.0006517,633444.0,0.0006525,38907.0
97,JASMY/USDT,2023-03-12 20:43:52.557,JASMY,USDT,0.004966,60371.9,0.004979,148096.5
98,FLOW/USDT,2023-03-12 20:43:52.624,FLOW,USDT,0.891,321.22,0.896,864.94
99,GTC/USDT,2023-03-12 20:43:52.690,GTC,USDT,1.57,228.0,1.577,230.1
100,THETA/USDT,2023-03-12 20:43:52.754,THETA,USDT,0.932,1163.7,0.937,241.8
101,TFUEL/USDT,2023-03-12 20:43:52.824,TFUEL,USDT,0.0462,4895.0,0.0466,6970.0
102,OCEAN/USDT,2023-03-12 20:43:52.901,OCEAN,USDT,0.3376,846.0,0.3386,1076.0
103,LAZIO/USDT,2023-03-12 20:43:52.966,LAZIO,USDT,2.5738,86.83,2.5836,95.18
104,SANTOS/USDT,2023-03-12 20:43:53.030,SANTOS,USDT,4.119,4.6,4.136,0.22
105,ALPINE/USDT,2023-03-12 20:43:53.099,ALPINE,USDT,2.2619,110.87,2.2707,110.75
106,PORTO/USDT,2023-03-12 20:43:53.164,PORTO,USDT,2.3166,103.16,2.3274,229.74
107,REN/USDT,2023-03-12 20:43:53.228,REN,USDT,0.082403,4766.0,0.083095,4332.0
108,CELR/USDT,2023-03-12 20:43:53.291,CELR,USDT,0.01585,20859.9,0.01591,68999.3
109,SKL/USDT,2023-03-12 20:43:53.357,SKL,USDT,0.0367,9902.0,0.03682,9992.0
110,VITE/USDT,2023-03-12 20:43:53.422,VITE,USDT,0.02088,18744.8,0.02102,20740.0
111,WAXP/USDT,2023-03-12 20:43:53.484,WAXP,USDT,0.0607,426.0,0.0608,1105.0
112,LTO/USDT,2023-03-12 20:43:53.553,LTO,USDT,0.1064,3443.0,0.1071,3858.0
113,FET/USDT,2023-03-12 20:43:53.623,FET,USDT,0.326,1740.0,0.3267,419.0
114,BOND/USDT,2023-03-12 20:43:53.688,BOND,USDT,3.892,4.87,3.914,23.12
115,LOKA/USDT,2023-03-12 20:43:53.752,LOKA,USDT,0.4389,524.0,0.4409,0.1
116,ICP/USDT,2023-03-12 20:43:53.816,ICP,USDT,4.929,267.19,4.944,285.73
117,T/USDT,2023-03-12 20:43:54.135,T,USDT,0.03234,62536.6,0.03251,12923.7
118,OP/USDT,2023-03-12 20:43:54.201,OP,USDT,2.067,806.77,2.071,3691.02
119,ROSE/USDT,2023-03-12 20:43:54.268,ROSE,USDT,0.05181,6033.8,0.05194,6037.7
120,CELO/USDT,2023-03-12 20:43:54.332,CELO,USDT,0.531,450.1,0.534,447.6
121,KDA/USDT,2023-03-12 20:43:54.399,KDA,USDT,0.938,478.97,0.941,856.13
122,KSM/USDT,2023-03-12 20:43:54.461,KSM,USDT,31.33,15.1,31.44,13.579
123,ACH/USDT,2023-03-12 20:43:54.532,ACH,USDT,0.02507,48999.0,0.02515,155428.0
124,DAR/USDT,2023-03-12 20:43:54.599,DAR,USDT,0.15923,1794.0,0.15962,1817.0
125,RNDR/USDT,2023-03-12 20:43:54.665,RNDR,USDT,1.057,649.65,1.06,250.7
126,SYS/USDT,2023-03-12 20:43:54.733,SYS,USDT,0.147,2111.0,0.1478,2094.0
127,RAD/USDT,2023-03-12 20:43:54.799,RAD,USDT,1.507,238.7,1.512,241.1
128,ILV/USDT,2023-03-12 20:43:54.862,ILV,USDT,63.68,5.032,63.97,5.033
129,LDO/USDT,2023-03-12 20:43:54.925,LDO,USDT,2.223,768.77,2.228,33.25
130,RARE/USDT,2023-03-12 20:43:54.991,RARE,USDT,0.1126,3503.6,0.1132,3532.1
131,LSK/USDT,2023-03-12 20:43:55.055,LSK,USDT,0.906,346.8,0.914,316.7
132,DGB/USDT,2023-03-12 20:43:55.115,DGB,USDT,0.00903,32592.1,0.00908,120983.0
133,REEF/USDT,2023-03-12 20:43:55.183,REEF,USDT,0.00252,94876.0,0.002532,226503.0
134,ALICE/USDT,2023-03-12 20:43:55.316,ALICE,USDT,1.424,239.69,1.432,302.15
135,FORTH/USDT,2023-03-12 20:43:55.379,FORTH,USDT,3.31,129.21,3.33,23.87
136,ASTR/USDT,2023-03-12 20:43:55.442,ASTR,USDT,0.0578,14413.7,0.0581,3613.4
137,BTRST/USDT,2023-03-12 20:43:55.516,BTRST,USDT,0.725,13.9,0.891,80.5
138,GAL/USDT,2023-03-12 20:43:55.584,GAL,USDT,1.446,240.107,1.453,387.966
139,SAND/USDT,2023-03-12 20:43:55.650,SAND,USDT,0.5437,693.0,0.5448,703.0
140,BAL/USDT,2023-03-12 20:43:55.707,BAL,USDT,6.069,69.81,6.093,69.75
141,GLM/USDT,2023-03-12 20:43:55.774,GLM,USDT,0.2122,1619.4,0.2132,1783.8
142,CLV/USDT,2023-03-12 20:43:55.840,CLV,USDT,0.05826,4774.4,0.05848,6009.8
143,TUSD/USDT,2023-03-12 20:43:55.907,TUSD,USDT,0.9924,7736.0,0.9989,34.0
144,QNT/USDT,2023-03-12 20:43:55.975,QNT,USDT,120.8,3.511,121.3,1.818
145,STG/USDT,2023-03-12 20:43:56.041,STG,USDT,0.6766,420.5,0.6822,712.7
146,AXL/USDT,2023-03-12 20:43:56.106,AXL,USDT,0.624,194.0,0.626,196.5
147,KAVA/USDT,2023-03-12 20:43:56.174,KAVA,USDT,0.945,592.6,0.95,1024.4
148,APT/USDT,2023-03-12 20:43:56.238,APT,USDT,10.5712,11.68,10.5888,25.63
149,MASK/USDT,2023-03-12 20:43:56.308,MASK,USDT,2.955,262.0,2.96,9.5
150,BOSON/USDT,2023-03-12 20:43:56.374,BOSON,USDT,0.2026,126.7,0.2047,107.2
151,POND/USDT,2023-03-12 20:43:56.432,POND,USDT,0.00887,32212.7,0.00892,40296.97
152,MXC/USDT,2023-03-12 20:43:56.495,MXC,USDT,0.01964,3143.0,0.0197,3133.0
153,JAM/USDT,2023-03-12 20:43:56.557,JAM,USDT,0.002787,61355.0,0.002802,61583.0
154,TRAC/USDT,2023-03-12 20:43:56.624,TRAC,USDT,0.304,81.0,0.3079,12.0
155,PROM/USDT,2023-03-12 20:43:56.721,PROM,USDT,4.26,80.77,4.28,79.66
156,DIA/USDT,2023-03-12 20:43:56.802,DIA,USDT,0.328,1000.9,0.331,1005.9
157,LOOM/USDT,2023-03-12 20:43:56.866,LOOM,USDT,0.05826,5431.0,0.05867,10734.0
158,STMX/USDT,2023-03-12 20:43:56.933,STMX,USDT,0.005226,60424.0,0.005251,60583.0
159,BTC/BUSD,2023-03-12 20:43:56.999,BTC,BUSD,21302.39,0.01,21311.05,0.11973
160,ZIL/BUSD,2023-03-12 20:43:57.058,ZIL,BUSD,0.02333,18963.3,0.0234,15587.5
161,BNB/BUSD,2023-03-12 20:43:57.124,BNB,BUSD,281.4,3.647,281.9,0.449
162,ETH/BUSD,2023-03-12 20:43:57.274,ETH,BUSD,1543.59,0.63,1544.46,0.315
163,ALGO/BUSD,2023-03-12 20:43:57.345,ALGO,BUSD,0.1918,3279.0,0.1924,4362.0
164,XTZ/BUSD,2023-03-12 20:43:57.416,XTZ,BUSD,1.019,429.1,1.023,887.2
165,HBAR/BUSD,2023-03-12 20:43:57.489,HBAR,BUSD,0.0579,4883.0,0.0581,5000.0
166,OMG/BUSD,2023-03-12 20:43:57.558,OMG,BUSD,1.2811,913.63,1.2862,654.61
167,MATIC/BUSD,2023-03-12 20:43:57.624,MATIC,BUSD,1.1004,18.0,1.1018,50.0
168,EOS/BUSD,2023-03-12 20:43:57.765,EOS,BUSD,1.0118,418.03,1.0151,260.88
169,ONE/BUSD,2023-03-12 20:43:57.879,ONE,BUSD,0.0164,24162.5,0.01646,21574.3
170,SHIB/BUSD,2023-03-12 20:43:57.952,SHIB,BUSD,1.043e-05,113764072.0,1.047e-05,147254631.0
171,USDC/BUSD,2023-03-12 20:43:58.025,USDC,BUSD,0.9588,16.09,0.966,25.72
172,MANA/BUSD,2023-03-12 20:43:58.102,MANA,BUSD,0.5445,1138.0,0.5463,2015.0
173,ADA/BUSD,2023-03-12 20:43:58.184,ADA,BUSD,0.3191,992.5,0.3198,362.4
174,SOL/BUSD,2023-03-12 20:43:58.252,SOL,BUSD,18.72,44.02,18.78,29.84
175,NEAR/BUSD,2023-03-12 20:43:58.324,NEAR,BUSD,1.872,200.5,1.878,180.8
176,LPT/BUSD,2023-03-12 20:43:58.392,LPT,BUSD,5.17,48.21,5.2,47.82
177,TRX/BUSD,2023-03-12 20:43:58.522,TRX,BUSD,0.06102,46921.7,0.06119,12538.1
178,BTC/USDC,2023-03-12 20:43:58.593,BTC,USDC,22111.46,0.01,22136.44,0.01165
179,ETH/USDC,2023-03-12 20:43:58.662,ETH,USDC,1602.12,0.1,1604.19,0.2608
180,SOL/USDC,2023-03-12 20:43:58.726,SOL,USDC,19.45,2.84,19.53,13.23
181,ADA/USDC,2023-03-12 20:43:58.793,ADA,USDC,0.3002,1603.0,0.3323,777.4
182,BTC/DAI,2023-03-12 20:43:58.869,BTC,DAI,21801.82,0.05001,21801.83,7e-05
183,ETH/DAI,2023-03-12 20:43:58.956,ETH,DAI,1604.55,0.5037,1607.74,0.9011
184,BTC/USD,2023-03-12 20:43:59.104,BTC,USD,21443.29,0.00224,21449.49,0.02331
185,ETH/USD,2023-03-12 20:43:59.181,ETH,USD,1554.13,1.0416,1554.5,0.6714
186,BCH/USD,2023-03-12 20:43:59.254,BCH,USD,119.0,3.222,119.2,13.506
187,LTC/USD,2023-03-12 20:43:59.326,LTC,USD,73.49,7.0,73.54,14.552
188,USDT/USD,2023-03-12 20:43:59.398,USDT,USD,1.0126,151.0,1.0127,6389.0
189,BNB/USD,2023-03-12 20:43:59.475,BNB,USD,283.3,4.431,283.5,3.75
190,ADA/USD,2023-03-12 20:43:59.562,ADA,USD,0.3215,3200.0,0.3216,14894.8
191,BAT/USD,2023-03-12 20:43:59.632,BAT,USD,0.2156,4767.0,0.2163,1193.0
192,ETC/USD,2023-03-12 20:43:59.708,ETC,USD,17.76,38.0,17.79,0.06
193,XLM/USD,2023-03-12 20:43:59.776,XLM,USD,0.0807,17059.0,0.081,5000.0
194,ZRX/USD,2023-03-12 20:43:59.850,ZRX,USD,0.2032,1152.0,0.204,1733.0
195,LINK/USD,2023-03-12 20:43:59.925,LINK,USD,6.419,100.0,6.422,80.0
196,RVN/USD,2023-03-12 20:43:59.998,RVN,USD,0.0234,149247.8,0.0236,194735.9
197,DASH/USD,2023-03-12 20:44:00.065,DASH,USD,49.63,0.3294,49.7,0.07611
198,ZEC/USD,2023-03-12 20:44:00.129,ZEC,USD,33.0,9.076,33.3,7.153
199,ALGO/USD,2023-03-12 20:44:00.199,ALGO,USD,0.1935,5300.0,0.1936,2301.0
200,IOTA/USD,2023-03-12 20:44:00.271,IOTA,USD,0.1973,500.0,0.1983,1499.0
201,BUSD/USD,2023-03-12 20:44:00.338,BUSD,USD,1.0046,839.0,1.0075,3000.0
202,WAVES/USD,2023-03-12 20:44:00.415,WAVES,USD,2.013,282.0,2.016,3809.19
203,ATOM/USD,2023-03-12 20:44:00.479,ATOM,USD,11.425,29.7,11.428,22.5
204,NEO/USD,2023-03-12 20:44:00.549,NEO,USD,9.798,23.893,9.838,63.854
205,QTUM/USD,2023-03-12 20:44:00.615,QTUM,USD,2.594,39.6,2.598,178.1
206,ICX/USD,2023-03-12 20:44:00.685,ICX,USD,0.1888,1585.04,0.1895,9314.53
207,ENJ/USD,2023-03-12 20:44:00.763,ENJ,USD,0.3672,136.7,0.368,200.0
208,ONT/USD,2023-03-12 20:44:00.849,ONT,USD,0.1981,1929.0,0.1987,1926.0
209,ZIL/USD,2023-03-12 20:44:00.929,ZIL,USD,0.02355,43000.0,0.02357,94735.3
210,VET/USD,2023-03-12 20:44:01.002,VET,USD,0.02129,44000.0,0.02131,79345.9
211,XTZ/USD,2023-03-12 20:44:01.068,XTZ,USD,1.0268,59.0,1.03,59.0
212,HBAR/USD,2023-03-12 20:44:01.134,HBAR,USD,0.0582,17000.0,0.0583,15975.0
213,OMG/USD,2023-03-12 20:44:01.202,OMG,USD,1.291,43.0,1.295,218.1
214,MATIC/USD,2023-03-12 20:44:01.270,MATIC,USD,1.1077,720.0,1.1083,520.5
215,EOS/USD,2023-03-12 20:44:01.332,EOS,USD,1.0191,200.0,1.0224,200.0
216,DOGE/USD,2023-03-12 20:44:01.403,DOGE,USD,0.0691,22513.0,0.0692,23051.0
217,KNC/USD,2023-03-12 20:44:01.475,KNC,USD,0.625,309.4,0.626,309.4
218,VTHO/USD,2023-03-12 20:44:01.544,VTHO,USD,0.001321,146231.0,0.001325,31647.0
219,USDC/USD,2023-03-12 20:44:01.611,USDC,USD,0.9674,3821.73,0.9692,3000.0
220,COMP/USD,2023-03-12 20:44:01.680,COMP,USD,40.02,8.618,40.11,2.0
221,MANA/USD,2023-03-12 20:44:01.752,MANA,USD,0.5482,200.0,0.5493,130.0
222,HNT/USD,2023-03-12 20:44:01.824,HNT,USD,2.13,2635.98,2.15,840.91
223,MKR/USD,2023-03-12 20:44:01.907,MKR,USD,717.0,1.2867,720.0,0.4808
224,DAI/USD,2023-03-12 20:44:01.981,DAI,USD,0.967,17.61,0.9768,621.52
225,ONE/USD,2023-03-12 20:44:02.059,ONE,USD,0.0165,165306.7,0.0166,924411.3
226,BAND/USD,2023-03-12 20:44:02.134,BAND,USD,1.518,220.8,1.525,279.3
227,STORJ/USD,2023-03-12 20:44:02.222,STORJ,USD,0.3166,86.0,0.3179,260.0
228,UNI/USD,2023-03-12 20:44:02.315,UNI,USD,5.7657,244.32,5.7794,20.14
229,SOL/USD,2023-03-12 20:44:02.403,SOL,USD,18.87,40.5,18.89,48.25
230,EGLD/USD,2023-03-12 20:44:02.478,EGLD,USD,39.8,1.8,39.89,5.97
231,PAXG/USD,2023-03-12 20:44:02.544,PAXG,USD,1928.0,0.1248,1931.0,0.0167
232,OXT/USD,2023-03-12 20:44:02.620,OXT,USD,0.0832,2674.0,0.0837,650.0
233,ZEN/USD,2023-03-12 20:44:02.683,ZEN,USD,9.44,1.07,9.48,1.06
234,FIL/USD,2023-03-12 20:44:02.755,FIL,USD,5.341,386.41,5.345,58.12
235,AAVE/USD,2023-03-12 20:44:02.824,AAVE,USD,70.0,568.038,70.1,66.4
236,GRT/USD,2023-03-12 20:44:02.890,GRT,USD,0.1204,5600.0,0.1205,2819.46
237,SUSHI/USD,2023-03-12 20:44:02.957,SUSHI,USD,1.147,70.6,1.151,46.7
238,ANKR/USD,2023-03-12 20:44:03.029,ANKR,USD,0.02836,4867.2,0.02842,10000.0
239,CRV/USD,2023-03-12 20:44:03.089,CRV,USD,0.905,72.0,0.907,385.0
240,AXS/USD,2023-03-12 20:44:03.159,AXS,USD,7.59,24.67,7.62,5.44
241,AVAX/USD,2023-03-12 20:44:03.232,AVAX,USD,15.22,67.0,15.23,230.23
242,CTSI/USD,2023-03-12 20:44:03.304,CTSI,USD,0.125,1252.0,0.1252,6556.0
243,DOT/USD,2023-03-12 20:44:03.380,DOT,USD,5.73,106.96,5.74,40.16
244,YFI/USD,2023-03-12 20:44:03.494,YFI,USD,7543.0,0.033,7557.0,0.04584
245,1INCH/USD,2023-03-12 20:44:03.568,1INCH,USD,0.454,4523.1,0.456,119.3
246,FTM/USD,2023-03-12 20:44:03.642,FTM,USD,0.3638,750.0,0.3641,1500.0
247,NEAR/USD,2023-03-12 20:44:03.711,NEAR,USD,1.888,632.0,1.889,275.0
248,LRC/USD,2023-03-12 20:44:03.783,LRC,USD,0.2931,1498.0,0.2938,1042.0
249,LPT/USD,2023-03-12 20:44:03.925,LPT,USD,5.2,325.21,5.23,5.0
250,NMR/USD,2023-03-12 20:44:03.988,NMR,USD,16.17,43.66,16.25,2.16
251,SLP/USD,2023-03-12 20:44:04.056,SLP,USD,0.002641,149089.0,0.002649,378.0
252,ANT/USD,2023-03-12 20:44:04.125,ANT,USD,2.245,599.6,2.253,178.2
253,XNO/USD,2023-03-12 20:44:04.197,XNO,USD,0.772,77.0,0.775,479.01
254,CHZ/USD,2023-03-12 20:44:04.275,CHZ,USD,0.1118,5450.0,0.112,850.0
255,OGN/USD,2023-03-12 20:44:04.344,OGN,USD,0.1068,180.0,0.1072,3884.6
256,GALA/USD,2023-03-12 20:44:04.418,GALA,USD,0.03263,30000.0,0.03267,20731.0
257,TLM/USD,2023-03-12 20:44:04.489,TLM,USD,0.0168,30066.0,0.0169,33062.0
258,SNX/USD,2023-03-12 20:44:04.558,SNX,USD,2.336,181.7,2.345,142.6
259,AUDIO/USD,2023-03-12 20:44:04.632,AUDIO,USD,0.2316,850.0,0.2321,850.0
260,REQ/USD,2023-03-12 20:44:04.716,REQ,USD,0.0914,613.0,0.0919,4524.0
261,APE/USD,2023-03-12 20:44:04.786,APE,USD,4.079,70.64,4.084,30.61
262,FLUX/USD,2023-03-12 20:44:04.858,FLUX,USD,0.618,1058.26,0.622,2047.79
263,TRX/USD,2023-03-12 20:44:04.924,TRX,USD,0.06148,1400.0,0.06154,9545.2
264,COTI/USD,2023-03-12 20:44:04.994,COTI,USD,0.0676,4548.0,0.0683,3176.0
265,VOXEL/USD,2023-03-12 20:44:05.092,VOXEL,USD,0.2258,1800.8,0.2269,892.0
266,RLC/USD,2023-03-12 20:44:05.187,RLC,USD,1.366,179.6,1.37,324.0
267,BICO/USD,2023-03-12 20:44:05.265,BICO,USD,0.339,1009.64,0.341,801.41
268,API3/USD,2023-03-12 20:44:05.369,API3,USD,1.285,224.5,1.286,143.32
269,ENS/USD,2023-03-12 20:44:05.454,ENS,USD,12.68,33.46,12.71,2.47
270,BNT/USD,2023-03-12 20:44:05.529,BNT,USD,0.406,1081.6,0.409,1192.3
271,IMX/USD,2023-03-12 20:44:05.594,IMX,USD,0.866,600.24,0.869,605.86
272,SPELL/USD,2023-03-12 20:44:05.672,SPELL,USD,0.0006596,702520.0,0.0006617,21432.0
273,JASMY/USD,2023-03-12 20:44:05.741,JASMY,USD,0.00503,69644.1,0.005042,124574.7
274,FLOW/USD,2023-03-12 20:44:05.809,FLOW,USD,0.901,360.71,0.906,1497.61
275,GTC/USD,2023-03-12 20:44:05.880,GTC,USD,1.592,194.8,1.598,216.4
276,THETA/USD,2023-03-12 20:44:05.948,THETA,USD,0.943,66.6,0.948,360.2
277,TFUEL/USD,2023-03-12 20:44:06.019,TFUEL,USD,0.0469,9904.0,0.0471,749.0
278,OCEAN/USD,2023-03-12 20:44:06.092,OCEAN,USD,0.3418,41.0,0.3429,1562.0
279,LAZIO/USD,2023-03-12 20:44:06.158,LAZIO,USD,2.607,99.58,2.6165,100.41
280,SANTOS/USD,2023-03-12 20:44:06.235,SANTOS,USD,4.169,84.31,4.186,84.98
281,ALPINE/USD,2023-03-12 20:44:06.310,ALPINE,USD,2.2918,144.56,2.3003,143.38
282,PORTO/USD,2023-03-12 20:44:06.383,PORTO,USD,2.3464,85.68,2.3546,95.51
283,REN/USD,2023-03-12 20:44:06.451,REN,USD,0.083607,4797.0,0.084127,4304.0
284,CELR/USD,2023-03-12 20:44:06.516,CELR,USD,0.01605,20179.5,0.01611,24987.9
285,SKL/USD,2023-03-12 20:44:06.601,SKL,USD,0.03718,9931.0,0.03734,24678.0
286,VITE/USD,2023-03-12 20:44:06.685,VITE,USD,0.0211,17852.7,0.0213,20078.0
287,WAXP/USD,2023-03-12 20:44:06.765,WAXP,USD,0.0616,440.0,0.0617,6197.0
288,LTO/USD,2023-03-12 20:44:06.834,LTO,USD,0.1079,3634.0,0.1084,4028.0
289,FET/USD,2023-03-12 20:44:06.909,FET,USD,0.3302,750.0,0.331,3159.0
290,BOND/USD,2023-03-12 20:44:06.975,BOND,USD,3.945,55.0,3.955,80.67
291,LOKA/USD,2023-03-12 20:44:07.053,LOKA,USD,0.4449,803.0,0.4467,802.7
292,ICP/USD,2023-03-12 20:44:07.134,ICP,USD,4.99,70.37,5.005,55.86
293,T/USD,2023-03-12 20:44:07.211,T,USD,0.0328,103834.5,0.033,9996.9
294,OP/USD,2023-03-12 20:44:07.282,OP,USD,2.091,240.0,2.093,358.33
295,ROSE/USD,2023-03-12 20:44:07.350,ROSE,USD,0.05238,7188.8,0.05254,7186.6
296,CELO/USD,2023-03-12 20:44:07.417,CELO,USD,0.538,712.8,0.541,720.8
297,KDA/USD,2023-03-12 20:44:07.493,KDA,USD,0.951,403.16,0.955,360.01
298,KSM/USD,2023-03-12 20:44:07.575,KSM,USD,31.74,12.025,31.8,75.156
299,ACH/USD,2023-03-12 20:44:07.642,ACH,USD,0.02543,19000.0,0.02548,164928.0
300,DAR/USD,2023-03-12 20:44:07.708,DAR,USD,0.1609,2004.0,0.1619,1788.0
301,RNDR/USD,2023-03-12 20:44:07.773,RNDR,USD,1.072,480.0,1.074,480.0
302,SYS/USD,2023-03-12 20:44:07.841,SYS,USD,0.1488,2509.0,0.1497,2503.0
303,RAD/USD,2023-03-12 20:44:07.901,RAD,USD,1.525,225.6,1.534,226.7
304,ILV/USD,2023-03-12 20:44:07.967,ILV,USD,64.49,8.952,64.79,5.0
305,LDO/USD,2023-03-12 20:44:08.032,LDO,USD,2.25,359.75,2.256,199.46
306,RARE/USD,2023-03-12 20:44:08.102,RARE,USD,0.1142,2996.0,0.1149,2977.3
307,LSK/USD,2023-03-12 20:44:08.175,LSK,USD,0.916,317.4,0.926,403.0
308,DGB/USD,2023-03-12 20:44:08.241,DGB,USD,0.0091,88280.2,0.0092,40032.7
309,REEF/USD,2023-03-12 20:44:08.307,REEF,USD,0.00255,267060.8,0.002561,150010.2
310,ALICE/USD,2023-03-12 20:44:08.374,ALICE,USD,1.443,249.41,1.449,250.27
311,FORTH/USD,2023-03-12 20:44:08.440,FORTH,USD,3.35,99.92,3.37,23.39
312,ASTR/USD,2023-03-12 20:44:08.509,ASTR,USD,0.0585,22157.5,0.0588,23372.2
313,BTRST/USD,2023-03-12 20:44:08.580,BTRST,USD,0.786,1262.4,0.827,759.5
314,GAL/USD,2023-03-12 20:44:08.650,GAL,USD,1.466,240.71,1.473,432.144
315,SAND/USD,2023-03-12 20:44:08.719,SAND,USD,0.55,704.0,0.5518,25.0
316,BAL/USD,2023-03-12 20:44:08.789,BAL,USD,6.153,70.16,6.173,63.52
317,POLYX/USD,2023-03-12 20:44:08.859,POLYX,USD,0.1421,2872.7,0.1422,123.3
318,GLM/USD,2023-03-12 20:44:08.927,GLM,USD,0.2141,1611.1,0.2162,1800.7
319,CLV/USD,2023-03-12 20:44:08.998,CLV,USD,0.05898,6015.4,0.05918,5406.1
320,TUSD/USD,2023-03-12 20:44:09.080,TUSD,USD,1.0003,7657.6,1.0067,245257.6
321,QNT/USD,2023-03-12 20:44:09.148,QNT,USD,122.4,0.412,122.9,4.716
322,STG/USD,2023-03-12 20:44:09.214,STG,USD,0.6827,889.7,0.686,451.8
323,AXL/USD,2023-03-12 20:44:09.314,AXL,USD,0.601,194.9,0.684,271.6
324,KAVA/USD,2023-03-12 20:44:09.384,KAVA,USD,0.957,749.8,0.963,1032.6
325,APT/USD,2023-03-12 20:44:09.449,APT,USD,10.7121,47.0,10.7265,23.5
326,MASK/USD,2023-03-12 20:44:09.518,MASK,USD,2.991,120.3,2.992,167.1
327,BOSON/USD,2023-03-12 20:44:09.592,BOSON,USD,0.2047,48.9,0.2067,213.4
328,POND/USD,2023-03-12 20:44:09.663,POND,USD,0.00898,72740.89,0.00902,1955.75
329,MXC/USD,2023-03-12 20:44:09.732,MXC,USD,0.01988,3143.0,0.01995,3132.0
330,JAM/USD,2023-03-12 20:44:09.800,JAM,USD,0.002804,60127.0,0.002806,288.0
331,PROM/USD,2023-03-12 20:44:09.867,PROM,USD,4.3,160.27,4.34,80.54
332,DIA/USD,2023-03-12 20:44:09.941,DIA,USD,0.332,1799.2,0.335,1008.7
333,LOOM/USD,2023-03-12 20:44:10.007,LOOM,USD,0.05898,7985.0,0.05944,14341.0
334,STMX/USD,2023-03-12 20:44:10.076,STMX,USD,0.005297,60469.0,0.005321,59464.0
335,SHIB/USD,2023-03-12 20:44:10.147,SHIB,USD,1.051e-05,39991914.0,1.054e-05,40210404.0
336,TRAC/USD,2023-03-12 20:44:10.217,TRAC,USD,0.3078,81.0,0.31,88.0
