,bids,asks,timestamp,nonce,base,quote,run_time (ms),bid_price,bid_volume,ask_price,ask_volume
ADA/USD,"[[0.5177, 3214.3]]","[[0.518, 149.8]]",2022-08-06 22:02:29.837,1069076531,ADA,USD,70.3,0.5177,3214.3,0.518,149.8
BNB/USD,"[[319.1525, 2.0]]","[[319.4668, 0.642]]",2022-08-06 22:02:29.907,1433969438,BNB,USD,70.3,319.1525,2.0,319.4668,0.642
BTC/USD,"[[23187.74, 0.03]]","[[23194.99, 0.03]]",2022-08-06 22:02:29.982,2354796985,BTC,USD,74.6,23187.74,0.03,23194.99,0.03
BUSD/USD,"[[1.0, 694940.29]]","[[1.0001, 651563.0]]",2022-08-06 22:02:30.057,10783974,BUSD,USD,74.9,1.0,694940.29,1.0001,651563.0
ETH/USD,"[[1717.06, 0.23035]]","[[1718.13, 1.32349]]",2022-08-06 22:02:30.128,2009837875,ETH,USD,71.1,1717.06,0.23035,1718.13,1.32349
MANA/USD,"[[1.0645, 170.0]]","[[1.066, 266.57]]",2022-08-06 22:02:30.195,745528261,MANA,USD,67.4,1.0645,170.0,1.066,266.57
MATIC/USD,"[[0.9218, 1269.2]]","[[0.922, 1554.4]]",2022-08-06 22:02:30.262,1124481693,MATIC,USD,67.0,0.9218,1269.2,0.922,1554.4
POLY/USD,"[[0.2301, 964.9]]","[[0.2313, 50.6]]",2022-08-06 22:02:30.331,6517527,POLY,USD,68.4,0.2301,964.9,0.2313,50.6
SOL/USD,"[[40.6988, 12.28]]","[[40.7159, 0.67]]",2022-08-06 22:02:30.399,1328857548,SOL,USD,68.3,40.6988,12.28,40.7159,0.67
TRX/USD,"[[0.0698, 1095669.5]]","[[0.0699, 14538.8]]",2022-08-06 22:02:30.470,9565455,TRX,USD,71.0,0.0698,1095669.5,0.0699,14538.8
USDC/USD,"[[1.0, 423861.66]]","[[1.0001, 591926.18]]",2022-08-06 22:02:30.540,23368738,USDC,USD,70.4,1.0,423861.66,1.0001,591926.18
USDT/USD,"[[1.0, 492379.09]]","[[1.0001, 455952.17]]",2022-08-06 22:02:30.613,67827179,USDT,USD,72.0,1.0,492379.09,1.0001,455952.17
UST/USD,[],[],2022-08-06 22:02:30.685,3225972,UST,USD,72.6,,,,
XRP/USD,[],[],2022-08-06 22:02:30.754,119696569,XRP,USD,68.5,,,,
ADA/USDT,"[[0.51754, 530.0]]","[[0.51797, 530.0]]",2022-08-06 22:02:30.822,640375756,ADA,USDT,68.2,0.51754,530.0,0.51797,530.0
BNB/USDT,"[[319.1006, 0.8]]","[[319.4361, 0.2]]",2022-08-06 22:02:30.893,788998161,BNB,USDT,71.6,319.1006,0.8,319.4361,0.2
BTC/USDT,"[[23189.05, 0.008349]]","[[23192.19, 0.073885]]",2022-08-06 22:02:30.963,1265956522,BTC,USDT,69.2,23189.05,0.008349,23192.19,0.073885
BUSD/USDT,"[[0.9997, 115818.72]]","[[0.9998, 197709.8]]",2022-08-06 22:02:31.034,3796346,BUSD,USDT,71.1,0.9997,115818.72,0.9998,197709.8
ETH/USDT,"[[1716.6, 0.5]]","[[1717.63, 7.816]]",2022-08-06 22:02:31.104,1181335968,ETH,USDT,70.0,1716.6,0.5,1717.63,7.816
MANA/USDT,"[[1.0636, 619.0]]","[[1.0661, 292.0]]",2022-08-06 22:02:31.177,52454857,MANA,USDT,72.7,1.0636,619.0,1.0661,292.0
MATIC/USDT,"[[0.92, 2252.1]]","[[0.922, 5596.4]]",2022-08-06 22:02:31.249,49134915,MATIC,USDT,72.0,0.92,2252.1,0.922,5596.4
POLY/USDT,"[[0.2301, 1312.2]]","[[0.2319, 699.7]]",2022-08-06 22:02:31.322,4360953,POLY,USDT,73.8,0.2301,1312.2,0.2319,699.7
SOL/USDT,"[[40.6948, 12.28]]","[[40.7154, 8.56]]",2022-08-06 22:02:31.407,560824160,SOL,USDT,84.8,40.6948,12.28,40.7154,8.56
TRX/USDT,"[[0.06977, 572511.2]]","[[0.0699, 4291.4]]",2022-08-06 22:02:31.482,17035743,TRX,USDT,74.5,0.06977,572511.2,0.0699,4291.4
USDC/USDT,"[[0.9999, 234914.0]]","[[1.0, 345569.0]]",2022-08-06 22:02:31.552,1321294,USDC,USDT,70.7,0.9999,234914.0,1.0,345569.0
UST/USDT,[],[],2022-08-06 22:02:31.625,1960270,UST,USDT,73.0,,,,
XRP/USDT,[],[],2022-08-06 22:02:31.695,100846158,XRP,USDT,70.1,,,,
ADA/BTC,"[[2.23e-05, 66696.0]]","[[2.235e-05, 2562.0]]",2022-08-06 22:02:31.768,124390955,ADA,BTC,72.7,2.23e-05,66696.0,2.235e-05,2562.0
BNB/BTC,"[[0.0137638, 5.54]]","[[0.0137754, 0.15]]",2022-08-06 22:02:31.845,248184714,BNB,BTC,76.4,0.0137638,5.54,0.0137754,0.15
ETH/BTC,"[[0.074028, 0.064]]","[[0.074086, 1.12]]",2022-08-06 22:02:31.924,405844008,ETH,BTC,79.1,0.074028,0.064,0.074086,1.12
MANA/BTC,"[[4.587e-05, 430.0]]","[[4.599e-05, 491.0]]",2022-08-06 22:02:31.996,14833245,MANA,BTC,72.6,4.587e-05,430.0,4.599e-05,491.0
MATIC/BTC,"[[3.969e-05, 781.5]]","[[3.977e-05, 900.8]]",2022-08-06 22:02:32.069,16823821,MATIC,BTC,72.7,3.969e-05,781.5,3.977e-05,900.8
POLY/BTC,"[[9.93e-06, 1215.0]]","[[9.94e-06, 35.0]]",2022-08-06 22:02:32.144,2946676,POLY,BTC,74.8,9.93e-06,1215.0,9.94e-06,35.0
SOL/BTC,"[[0.0017542, 36.87]]","[[0.0017558, 8.76]]",2022-08-06 22:02:32.212,59136546,SOL,BTC,68.6,0.0017542,36.87,0.0017558,8.76
TRX/BTC,"[[3e-06, 1185684.0]]","[[3.02e-06, 5720.0]]",2022-08-06 22:02:32.283,1916995,TRX,BTC,70.6,3e-06,1185684.0,3.02e-06,5720.0
XRP/BTC,[],[],2022-08-06 22:02:32.353,48000651,XRP,BTC,70.3,,,,
ADA/BUSD,"[[0.517, 6191.5]]","[[0.519, 6007.2]]",2022-08-06 22:02:32.422,9658188,ADA,BUSD,68.4,0.517,6191.5,0.519,6007.2
BNB/BUSD,"[[319.1311, 3.0]]","[[319.4985, 0.93]]",2022-08-06 22:02:32.492,213862746,BNB,BUSD,70.1,319.1311,3.0,319.4985,0.93
BTC/BUSD,"[[23187.9, 0.02]]","[[23200.23, 0.021551]]",2022-08-06 22:02:32.565,580201222,BTC,BUSD,73.5,23187.9,0.02,23200.23,0.021551
ETH/BUSD,"[[1716.91, 0.5]]","[[1718.06, 0.62115]]",2022-08-06 22:02:32.635,436150161,ETH,BUSD,69.6,1716.91,0.5,1718.06,0.62115
MANA/BUSD,"[[1.0641, 281.0]]","[[1.0659, 281.0]]",2022-08-06 22:02:32.703,27185050,MANA,BUSD,67.5,1.0641,281.0,1.0659,281.0
MATIC/BUSD,"[[0.9207, 271.5]]","[[0.92208, 271.1]]",2022-08-06 22:02:32.777,350685099,MATIC,BUSD,74.7,0.9207,271.5,0.92208,271.1
POLY/BUSD,"[[0.2302, 988.9]]","[[0.232, 467.2]]",2022-08-06 22:02:32.848,4053877,POLY,BUSD,71.1,0.2302,988.9,0.232,467.2
SOL/BUSD,"[[40.65, 8.64]]","[[40.75, 6.41]]",2022-08-06 22:02:32.920,41590464,SOL,BUSD,71.1,40.65,8.64,40.75,6.41
TRX/BUSD,"[[0.0698, 4297.9]]","[[0.06991, 16049.0]]",2022-08-06 22:02:32.989,11212963,TRX,BUSD,69.9,0.0698,4297.9,0.06991,16049.0
USDC/BUSD,"[[0.9999, 311173.3]]","[[1.0, 291162.22]]",2022-08-06 22:02:33.060,646496,USDC,BUSD,70.7,0.9999,311173.3,1.0,291162.22
XRP/BUSD,[],[],2022-08-06 22:02:33.133,28045681,XRP,BUSD,73.0,,,,
BTC/USDC,"[[23187.82, 0.02]]","[[23195.7, 0.002975]]",2022-08-06 22:02:33.204,287956518,BTC,USDC,70.6,23187.82,0.02,23195.7,0.002975
ETH/USDC,"[[1716.49, 4.3693]]","[[1718.13, 1.455]]",2022-08-06 22:02:33.278,102677655,ETH,USDC,74.4,1716.49,4.3693,1718.13,1.455
BTC/UST,[],[],2022-08-06 22:02:33.353,2296799,BTC,UST,74.4,,,,
