,bids,asks,timestamp,nonce,base,quote,run_time (ms),bid_price,bid_volume,ask_price,ask_volume
ADA/USD,"[[0.5015, 2146.4]]","[[0.5018, 747.5]]",2022-08-02 22:43:54.239,1063663484,ADA,USD,78.7,0.5015,2146.4,0.5018,747.5
BNB/USD,"[[285.1066, 1.95]]","[[285.3107, 1.95]]",2022-08-02 22:43:54.317,1427851955,BNB,USD,78.3,285.1066,1.95,285.3107,1.95
BTC/USD,"[[23120.71, 0.03]]","[[23126.92, 0.600727]]",2022-08-02 22:43:54.383,2331167971,BTC,USD,65.6,23120.71,0.03,23126.92,0.600727
BUSD/USD,"[[0.9999, 638023.96]]","[[1.0, 246524.68]]",2022-08-02 22:43:54.451,10748399,BUSD,USD,68.1,0.9999,638023.96,1.0,246524.68
ETH/USD,"[[1650.97, 1.82]]","[[1651.37, 0.07971]]",2022-08-02 22:43:54.520,1995619283,ETH,USD,69.3,1650.97,1.82,1651.37,0.07971
MANA/USD,"[[0.9735, 450.0]]","[[0.9748, 250.0]]",2022-08-02 22:43:54.591,741387472,MANA,USD,70.6,0.9735,450.0,0.9748,250.0
MATIC/USD,"[[0.8945, 1142.3]]","[[0.8946, 1000.7]]",2022-08-02 22:43:54.659,1112398089,MATIC,USD,67.9,0.8945,1142.3,0.8946,1000.7
POLY/USD,"[[0.2231, 986.6]]","[[0.2249, 3462.7]]",2022-08-02 22:43:54.727,6423306,POLY,USD,68.6,0.2231,986.6,0.2249,3462.7
SOL/USD,"[[41.3043, 26.06]]","[[41.3211, 18.91]]",2022-08-02 22:43:54.797,1315744601,SOL,USD,69.8,41.3043,26.06,41.3211,18.91
TRX/USD,"[[0.0685, 770856.0]]","[[0.0687, 21188.7]]",2022-08-02 22:43:54.866,9413375,TRX,USD,68.6,0.0685,770856.0,0.0687,21188.7
USDC/USD,"[[1.0, 322478.46]]","[[1.0001, 250320.56]]",2022-08-02 22:43:54.937,23322310,USDC,USD,71.0,1.0,322478.46,1.0001,250320.56
USDT/USD,"[[1.0002, 533087.08]]","[[1.0003, 564868.58]]",2022-08-02 22:43:55.008,67592806,USDT,USD,71.4,1.0002,533087.08,1.0003,564868.58
UST/USD,[],[],2022-08-02 22:43:55.075,3225972,UST,USD,66.9,,,,
XRP/USD,[],[],2022-08-02 22:43:55.143,119696569,XRP,USD,68.3,,,,
ADA/USDT,"[[0.50136, 1287.4]]","[[0.50197, 490.0]]",2022-08-02 22:43:55.210,637681410,ADA,USDT,66.3,0.50136,1287.4,0.50197,490.0
BNB/USDT,"[[284.9372, 0.9]]","[[285.2246, 0.9]]",2022-08-02 22:43:55.277,787091664,BNB,USDT,67.6,284.9372,0.9,285.2246,0.9
BTC/USDT,"[[23116.63, 0.105]]","[[23123.33, 0.112008]]",2022-08-02 22:43:55.344,1254660988,BTC,USDT,66.7,23116.63,0.105,23123.33,0.112008
BUSD/USDT,"[[0.9996, 187955.95]]","[[0.9997, 166316.9]]",2022-08-02 22:43:55.410,3777869,BUSD,USDT,66.0,0.9996,187955.95,0.9997,166316.9
ETH/USDT,"[[1650.25, 0.9]]","[[1651.25, 0.9]]",2022-08-02 22:43:55.482,1174698196,ETH,USDT,71.3,1650.25,0.9,1651.25,0.9
MANA/USDT,"[[0.9726, 346.0]]","[[0.9755, 346.0]]",2022-08-02 22:43:55.549,51904205,MANA,USDT,67.5,0.9726,346.0,0.9755,346.0
MATIC/USDT,"[[0.893, 849.1]]","[[0.895, 6121.5]]",2022-08-02 22:43:55.617,48490293,MATIC,USDT,68.2,0.893,849.1,0.895,6121.5
POLY/USDT,"[[0.223, 1263.9]]","[[0.2248, 2669.4]]",2022-08-02 22:43:55.685,4305186,POLY,USDT,68.2,0.223,1263.9,0.2248,2669.4
SOL/USDT,"[[41.2877, 35.7]]","[[41.3091, 11.5]]",2022-08-02 22:43:55.756,552756302,SOL,USDT,70.7,41.2877,35.7,41.3091,11.5
TRX/USDT,"[[0.06855, 44250.6]]","[[0.06866, 11700.4]]",2022-08-02 22:43:55.824,16853728,TRX,USDT,68.3,0.06855,44250.6,0.06866,11700.4
USDC/USDT,"[[0.9997, 347189.0]]","[[0.9998, 187957.0]]",2022-08-02 22:43:55.896,1312175,USDC,USDT,71.6,0.9997,347189.0,0.9998,187957.0
UST/USDT,[],[],2022-08-02 22:43:55.974,1960270,UST,USDT,78.0,,,,
XRP/USDT,[],[],2022-08-02 22:43:56.042,100846158,XRP,USDT,68.4,,,,
ADA/BTC,"[[2.167e-05, 2992.0]]","[[2.172e-05, 14579.0]]",2022-08-02 22:43:56.110,124222333,ADA,BTC,67.5,2.167e-05,2992.0,2.172e-05,14579.0
BNB/BTC,"[[0.0123225, 0.9]]","[[0.0123311, 0.9]]",2022-08-02 22:43:56.178,247642397,BNB,BTC,68.4,0.0123225,0.9,0.0123311,0.9
ETH/BTC,"[[0.071381, 0.255]]","[[0.07143, 0.255]]",2022-08-02 22:43:56.249,401604572,ETH,BTC,70.7,0.071381,0.255,0.07143,0.255
MANA/BTC,"[[4.207e-05, 353.0]]","[[4.217e-05, 612.0]]",2022-08-02 22:43:56.322,14672651,MANA,BTC,72.5,4.207e-05,353.0,4.217e-05,612.0
MATIC/BTC,"[[3.864e-05, 279.6]]","[[3.869e-05, 279.6]]",2022-08-02 22:43:56.393,16633944,MATIC,BTC,71.4,3.864e-05,279.6,3.869e-05,279.6
POLY/BTC,"[[9.67e-06, 1156.0]]","[[9.73e-06, 1282.0]]",2022-08-02 22:43:56.461,2909886,POLY,BTC,67.8,9.67e-06,1156.0,9.73e-06,1282.0
SOL/BTC,"[[0.0017851, 95.0]]","[[0.001787, 12.1]]",2022-08-02 22:43:56.529,57825706,SOL,BTC,67.9,0.0017851,95.0,0.001787,12.1
TRX/BTC,"[[2.96e-06, 745566.0]]","[[2.98e-06, 202872.0]]",2022-08-02 22:43:56.602,1894960,TRX,BTC,73.1,2.96e-06,745566.0,2.98e-06,202872.0
XRP/BTC,[],[],2022-08-02 22:43:56.677,48000651,XRP,BTC,75.2,,,,
ADA/BUSD,"[[0.501, 4873.8]]","[[0.503, 15596.3]]",2022-08-02 22:43:56.744,9603103,ADA,BUSD,67.3,0.501,4873.8,0.503,15596.3
BNB/BUSD,"[[284.8733, 1.75]]","[[285.1912, 1.22]]",2022-08-02 22:43:56.811,213198608,BNB,BUSD,67.0,284.8733,1.75,285.1912,1.22
BTC/BUSD,"[[23114.07, 0.0405]]","[[23125.93, 0.0405]]",2022-08-02 22:43:56.882,576133250,BTC,BUSD,70.7,23114.07,0.0405,23125.93,0.0405
ETH/BUSD,"[[1649.88, 1.51475]]","[[1651.66, 0.32]]",2022-08-02 22:43:56.954,432422073,ETH,BUSD,72.3,1649.88,1.51475,1651.66,0.32
MANA/BUSD,"[[0.973, 587.0]]","[[0.9751, 307.0]]",2022-08-02 22:43:57.024,26927617,MANA,BUSD,69.2,0.973,587.0,0.9751,307.0
MATIC/BUSD,"[[0.89283, 1063.5]]","[[0.89456, 279.6]]",2022-08-02 22:43:57.093,349386805,MATIC,BUSD,69.2,0.89283,1063.5,0.89456,279.6
POLY/BUSD,"[[0.2231, 1166.6]]","[[0.2249, 3124.6]]",2022-08-02 22:43:57.164,4002420,POLY,BUSD,71.0,0.2231,1166.6,0.2249,3124.6
SOL/BUSD,"[[41.25, 48.04]]","[[41.37, 16.38]]",2022-08-02 22:43:57.233,41149010,SOL,BUSD,69.3,41.25,48.04,41.37,16.38
TRX/BUSD,"[[0.06856, 11625.0]]","[[0.06868, 4372.2]]",2022-08-02 22:43:57.300,11049616,TRX,BUSD,67.4,0.06856,11625.0,0.06868,4372.2
USDC/BUSD,"[[1.0, 305146.29]]","[[1.0001, 289328.69]]",2022-08-02 22:43:57.376,645683,USDC,BUSD,75.3,1.0,305146.29,1.0001,289328.69
XRP/BUSD,[],[],2022-08-02 22:43:57.443,28045681,XRP,BUSD,66.7,,,,
BTC/USDC,"[[23114.9, 0.055]]","[[23124.69, 0.108134]]",2022-08-02 22:43:57.509,275654696,BTC,USDC,66.4,23114.9,0.055,23124.69,0.108134
ETH/USDC,"[[1649.96, 0.305]]","[[1650.7, 0.305]]",2022-08-02 22:43:57.579,99455780,ETH,USDC,70.0,1649.96,0.305,1650.7,0.305
BTC/UST,[],[],2022-08-02 22:43:57.646,2296799,BTC,UST,66.7,,,,
