,bids,asks,timestamp,nonce,base,quote,run_time (ms),bid_price,bid_volume,ask_price,ask_volume
ADA/USD,"[[0.4454, 1200.0]]","[[0.4457, 1200.0]]",2022-07-05 15:10:06.439,1021518210,ADA,USD,61.6,0.4454,1200.0,0.4457,1200.0
BNB/USD,"[[223.3634, 0.178]]","[[223.5576, 0.178]]",2022-07-05 15:10:06.501,1337476047,BNB,USD,61.8,223.3634,0.178,223.5576,0.178
BTC/USD,"[[19382.67, 0.14]]","[[19385.07, 0.011601]]",2022-07-05 15:10:06.563,2157413514,BTC,USD,62.3,19382.67,0.14,19385.07,0.011601
BUSD/USD,"[[0.9999, 19502.36]]","[[1.0001, 40679.02]]",2022-07-05 15:10:06.626,10406061,BUSD,USD,63.2,0.9999,19502.36,1.0001,40679.02
ETH/USD,"[[1084.8, 1.4]]","[[1085.42, 0.12384]]",2022-07-05 15:10:06.696,1876475718,ETH,USD,69.5,1084.8,1.4,1085.42,0.12384
MANA/USD,"[[0.8401, 300.0]]","[[0.8411, 300.0]]",2022-07-05 15:10:06.757,706535264,MANA,USD,61.1,0.8401,300.0,0.8411,300.0
MATIC/USD,"[[0.4934, 900.0]]","[[0.4938, 4535.0]]",2022-07-05 15:10:06.819,1034186166,MATIC,USD,61.9,0.4934,900.0,0.4938,4535.0
POLY/USD,"[[0.1872, 3833.4]]","[[0.1882, 1476.2]]",2022-07-05 15:10:06.881,5328260,POLY,USD,62.4,0.1872,3833.4,0.1882,1476.2
SOL/USD,"[[33.2846, 25.0]]","[[33.3027, 25.0]]",2022-07-05 15:10:06.943,1207488182,SOL,USD,61.5,33.2846,25.0,33.3027,25.0
TRX/USD,"[[0.0666, 21688.5]]","[[0.0668, 93724.5]]",2022-07-05 15:10:07.005,8023573,TRX,USD,62.4,0.0666,21688.5,0.0668,93724.5
USDC/USD,"[[0.9999, 61821.61]]","[[1.0, 372085.03]]",2022-07-05 15:10:07.067,22986369,USDC,USD,61.3,0.9999,61821.61,1.0,372085.03
USDT/USD,"[[0.9987, 64497.43]]","[[0.9989, 32083.04]]",2022-07-05 15:10:07.130,60363060,USDT,USD,63.6,0.9987,64497.43,0.9989,32083.04
UST/USD,[],[],2022-07-05 15:10:07.195,3225972,UST,USD,64.5,,,,
XRP/USD,[],[],2022-07-05 15:10:07.257,119696569,XRP,USD,61.8,,,,
ADA/USDT,"[[0.4457, 550.0]]","[[0.44635, 550.0]]",2022-07-05 15:10:07.318,605980444,ADA,USDT,61.5,0.4457,550.0,0.44635,550.0
BNB/USDT,"[[223.6351, 1.4]]","[[223.8404, 1.4]]",2022-07-05 15:10:07.380,764014149,BNB,USDT,62.4,223.6351,1.4,223.8404,1.4
BTC/USDT,"[[19403.72, 0.085]]","[[19411.59, 0.004916]]",2022-07-05 15:10:07.442,1165097016,BTC,USDT,61.6,19403.72,0.085,19411.59,0.004916
BUSD/USDT,"[[1.001, 132139.31]]","[[1.0015, 264276.11]]",2022-07-05 15:10:07.503,3608460,BUSD,USDT,61.1,1.001,132139.31,1.0015,264276.11
ETH/USDT,"[[1085.8, 6.9]]","[[1086.11, 8e-05]]",2022-07-05 15:10:07.564,1075431306,ETH,USDT,61.1,1085.8,6.9,1086.11,8e-05
MANA/USDT,"[[0.8408, 152.0]]","[[0.8435, 357.0]]",2022-07-05 15:10:07.626,47050687,MANA,USDT,62.1,0.8408,152.0,0.8435,357.0
MATIC/USDT,"[[0.493, 1019.1]]","[[0.495, 1358.8]]",2022-07-05 15:10:07.690,41492488,MATIC,USDT,63.7,0.493,1019.1,0.495,1358.8
POLY/USDT,"[[0.1875, 2860.1]]","[[0.1883, 1661.7]]",2022-07-05 15:10:07.752,3642956,POLY,USDT,61.8,0.1875,2860.1,0.1883,1661.7
SOL/USDT,"[[33.3108, 12.0]]","[[33.3385, 12.0]]",2022-07-05 15:10:07.814,501539332,SOL,USDT,61.9,33.3108,12.0,33.3385,12.0
TRX/USDT,"[[0.06668, 4498.3]]","[[0.06684, 27117.3]]",2022-07-05 15:10:07.878,14722122,TRX,USDT,64.1,0.06668,4498.3,0.06684,27117.3
USDC/USDT,"[[1.001, 203517.0]]","[[1.0016, 376353.0]]",2022-07-05 15:10:07.940,1226129,USDC,USDT,62.1,1.001,203517.0,1.0016,376353.0
UST/USDT,[],[],2022-07-05 15:10:08.002,1960270,UST,USDT,61.3,,,,
XRP/USDT,[],[],2022-07-05 15:10:08.066,100846158,XRP,USDT,64.6,,,,
ADA/BTC,"[[2.297e-05, 1018.0]]","[[2.301e-05, 1200.0]]",2022-07-05 15:10:08.128,122120642,ADA,BTC,61.3,2.297e-05,1018.0,2.301e-05,1200.0
BNB/BTC,"[[0.0115215, 0.1]]","[[0.0115356, 0.1]]",2022-07-05 15:10:08.194,243623061,BNB,BTC,66.5,0.0115215,0.1,0.0115356,0.1
ETH/BTC,"[[0.055979, 0.32]]","[[0.056003, 0.32]]",2022-07-05 15:10:08.258,377736378,ETH,BTC,64.0,0.055979,0.32,0.056003,0.32
MANA/BTC,"[[4.332e-05, 251.0]]","[[4.343e-05, 354.0]]",2022-07-05 15:10:08.320,13381598,MANA,BTC,62.4,4.332e-05,251.0,4.343e-05,354.0
MATIC/BTC,"[[2.543e-05, 621.3]]","[[2.549e-05, 512.9]]",2022-07-05 15:10:08.384,13642627,MATIC,BTC,63.8,2.543e-05,621.3,2.549e-05,512.9
POLY/BTC,"[[9.67e-06, 839.0]]","[[9.72e-06, 1399.0]]",2022-07-05 15:10:08.447,2420629,POLY,BTC,62.5,9.67e-06,839.0,9.72e-06,1399.0
SOL/BTC,"[[0.0017172, 0.35]]","[[0.0017182, 6.58]]",2022-07-05 15:10:08.508,49635231,SOL,BTC,60.8,0.0017172,0.35,0.0017182,6.58
TRX/BTC,"[[3.43e-06, 4494.0]]","[[3.45e-06, 38693.0]]",2022-07-05 15:10:08.570,1579976,TRX,BTC,62.2,3.43e-06,4494.0,3.45e-06,38693.0
XRP/BTC,[],[],2022-07-05 15:10:08.632,48000651,XRP,BTC,62.0,,,,
ADA/BUSD,"[[0.445, 1060.0]]","[[0.447, 11615.2]]",2022-07-05 15:10:08.694,8925231,ADA,BUSD,62.6,0.445,1060.0,0.447,11615.2
BNB/BUSD,"[[223.1089, 5.6]]","[[223.699, 23.72]]",2022-07-05 15:10:08.758,207236527,BNB,BUSD,63.7,223.1089,5.6,223.699,23.72
BTC/BUSD,"[[19374.22, 0.034]]","[[19391.23, 0.034]]",2022-07-05 15:10:08.820,526439367,BTC,BUSD,61.7,19374.22,0.034,19391.23,0.034
ETH/BUSD,"[[1084.5, 0.42]]","[[1085.6, 0.42]]",2022-07-05 15:10:08.882,394923576,ETH,BUSD,62.2,1084.5,0.42,1085.6,0.42
MANA/BUSD,"[[0.8383, 167.0]]","[[0.8421, 357.0]]",2022-07-05 15:10:08.943,24548380,MANA,BUSD,60.7,0.8383,167.0,0.8421,357.0
MATIC/BUSD,"[[0.49325, 4236.2]]","[[0.49375, 3699.2]]",2022-07-05 15:10:09.008,331851599,MATIC,BUSD,65.3,0.49325,4236.2,0.49375,3699.2
POLY/BUSD,"[[0.1872, 839.0]]","[[0.1884, 1131.6]]",2022-07-05 15:10:09.071,3422952,POLY,BUSD,63.4,0.1872,839.0,0.1884,1131.6
SOL/BUSD,"[[33.27, 1.24]]","[[33.32, 6.85]]",2022-07-05 15:10:09.132,36825507,SOL,BUSD,60.2,33.27,1.24,33.32,6.85
TRX/BUSD,"[[0.06659, 4498.9]]","[[0.06673, 10625.4]]",2022-07-05 15:10:09.195,9528098,TRX,BUSD,63.8,0.06659,4498.9,0.06673,10625.4
USDC/BUSD,"[[0.9998, 63851.52]]","[[1.0, 178692.97]]",2022-07-05 15:10:09.255,637687,USDC,BUSD,59.7,0.9998,63851.52,1.0,178692.97
XRP/BUSD,[],[],2022-07-05 15:10:09.339,28045681,XRP,BUSD,83.4,,,,
BTC/USDC,"[[19378.49, 0.035]]","[[19390.29, 0.035]]",2022-07-05 15:10:09.405,232591165,BTC,USDC,66.2,19378.49,0.035,19390.29,0.035
ETH/USDC,"[[1084.5, 0.415]]","[[1085.43, 0.415]]",2022-07-05 15:10:09.467,68062357,ETH,USDC,62.0,1084.5,0.415,1085.43,0.415
BTC/UST,[],[],2022-07-05 15:10:09.527,2296799,BTC,UST,59.7,,,,
