,bids,asks,timestamp,nonce,base,quote,run_time (ms),bid_price,bid_volume,ask_price,ask_volume
ADA/USD,"[[0.4461, 1505.0]]","[[0.4466, 21652.1]]",2022-07-05 15:17:15.276,1021523899,ADA,USD,72.0,0.4461,1505.0,0.4466,21652.1
BNB/USD,"[[223.8141, 0.178]]","[[223.9527, 0.104]]",2022-07-05 15:17:15.352,1337490485,BNB,USD,76.4,223.8141,0.178,223.9527,0.104
BTC/USD,"[[19383.42, 0.030935]]","[[19384.3, 8e-06]]",2022-07-05 15:17:15.442,2157447362,BTC,USD,90.0,19383.42,0.030935,19384.3,8e-06
BUSD/USD,"[[0.9999, 18261.66]]","[[1.0001, 43482.45]]",2022-07-05 15:17:15.516,10406103,BUSD,USD,74.2,0.9999,18261.66,1.0001,43482.45
ETH/USD,"[[1083.11, 0.06822]]","[[1083.36, 0.49668]]",2022-07-05 15:17:15.587,1876520368,ETH,USD,70.4,1083.11,0.06822,1083.36,0.49668
MANA/USD,"[[0.8436, 300.0]]","[[0.8442, 300.0]]",2022-07-05 15:17:15.658,706541208,MANA,USD,70.7,0.8436,300.0,0.8442,300.0
MATIC/USD,"[[0.495, 900.0]]","[[0.4952, 900.0]]",2022-07-05 15:17:15.730,1034202377,MATIC,USD,72.2,0.495,900.0,0.4952,900.0
POLY/USD,"[[0.188, 1649.6]]","[[0.1885, 244.0]]",2022-07-05 15:17:15.802,5328517,POLY,USD,72.6,0.188,1649.6,0.1885,244.0
SOL/USD,"[[33.3561, 25.0]]","[[33.3755, 0.5]]",2022-07-05 15:17:15.873,1207524325,SOL,USD,70.7,33.3561,25.0,33.3755,0.5
TRX/USD,"[[0.0666, 172539.3]]","[[0.0668, 80930.2]]",2022-07-05 15:17:15.945,8023876,TRX,USD,72.2,0.0666,172539.3,0.0668,80930.2
USDC/USD,"[[0.9999, 59442.59]]","[[1.0, 370961.27]]",2022-07-05 15:17:16.018,22986424,USDC,USD,72.9,0.9999,59442.59,1.0,370961.27
USDT/USD,"[[0.9987, 67284.41]]","[[0.9989, 31452.22]]",2022-07-05 15:17:16.089,60368667,USDT,USD,70.5,0.9987,67284.41,0.9989,31452.22
UST/USD,[],[],2022-07-05 15:17:16.160,3225972,UST,USD,70.7,,,,
XRP/USD,[],[],2022-07-05 15:17:16.232,119696569,XRP,USD,72.2,,,,
ADA/USDT,"[[0.44649, 550.0]]","[[0.44722, 550.0]]",2022-07-05 15:17:16.305,605986838,ADA,USDT,72.7,0.44649,550.0,0.44722,550.0
BNB/USDT,"[[224.0816, 0.8]]","[[224.2445, 1.4]]",2022-07-05 15:17:16.380,764024224,BNB,USDT,74.9,224.0816,0.8,224.2445,1.4
BTC/USDT,"[[19401.86, 0.085]]","[[19413.31, 0.003759]]",2022-07-05 15:17:16.450,1165118371,BTC,USDT,70.1,19401.86,0.085,19413.31,0.003759
BUSD/USDT,"[[1.001, 131686.98]]","[[1.0015, 264236.21]]",2022-07-05 15:17:16.520,3608496,BUSD,USDT,70.5,1.001,131686.98,1.0015,264236.21
ETH/USDT,"[[1083.87, 0.9]]","[[1084.65, 0.9]]",2022-07-05 15:17:16.591,1075461350,ETH,USDT,70.6,1083.87,0.9,1084.65,0.9
MANA/USDT,"[[0.8438, 835.0]]","[[0.8458, 208.0]]",2022-07-05 15:17:16.666,47051739,MANA,USDT,74.7,0.8438,835.0,0.8458,208.0
MATIC/USDT,"[[0.495, 2737.2]]","[[0.497, 6696.5]]",2022-07-05 15:17:16.738,41493818,MATIC,USDT,72.8,0.495,2737.2,0.497,6696.5
POLY/USDT,"[[0.188, 1050.6]]","[[0.189, 994.4]]",2022-07-05 15:17:16.808,3643137,POLY,USDT,69.9,0.188,1050.6,0.189,994.4
SOL/USDT,"[[33.3957, 12.0]]","[[33.4241, 12.0]]",2022-07-05 15:17:16.879,501550761,SOL,USDT,70.5,33.3957,12.0,33.4241,12.0
TRX/USDT,"[[0.06673, 7020.4]]","[[0.06686, 8545.1]]",2022-07-05 15:17:16.952,14722783,TRX,USDT,72.8,0.06673,7020.4,0.06686,8545.1
USDC/USDT,"[[1.001, 203462.0]]","[[1.0016, 376353.0]]",2022-07-05 15:17:17.031,1226134,USDC,USDT,79.0,1.001,203462.0,1.0016,376353.0
UST/USDT,[],[],2022-07-05 15:17:17.106,1960270,UST,USDT,74.5,,,,
XRP/USDT,[],[],2022-07-05 15:17:56.481,100846158,XRP,USDT,1728.3,,,,
ADA/BTC,"[[2.298e-05, 1676.0]]","[[2.305e-05, 42374.0]]",2022-07-05 15:17:56.617,122120932,ADA,BTC,136.5,2.298e-05,1676.0,2.305e-05,42374.0
BNB/BTC,"[[0.0115398, 0.08]]","[[0.0115583, 0.08]]",2022-07-05 15:17:56.923,243623468,BNB,BTC,306.0,0.0115398,0.08,0.0115583,0.08
ETH/BTC,"[[0.055851, 0.32]]","[[0.055889, 0.32]]",2022-07-05 15:17:56.991,377748492,ETH,BTC,67.6,0.055851,0.32,0.055889,0.32
MANA/BTC,"[[4.351e-05, 322.0]]","[[4.361e-05, 625.0]]",2022-07-05 15:17:57.055,13381791,MANA,BTC,64.0,4.351e-05,322.0,4.361e-05,625.0
MATIC/BTC,"[[2.553e-05, 689.8]]","[[2.559e-05, 1064.2]]",2022-07-05 15:17:57.117,13643325,MATIC,BTC,62.3,2.553e-05,689.8,2.559e-05,1064.2
POLY/BTC,"[[9.68e-06, 865.0]]","[[9.73e-06, 239.0]]",2022-07-05 15:17:57.177,2420681,POLY,BTC,59.7,9.68e-06,865.0,9.73e-06,239.0
SOL/BTC,"[[0.0017188, 7.46]]","[[0.0017216, 22.48]]",2022-07-05 15:17:57.239,49638814,SOL,BTC,61.7,0.0017188,7.46,0.0017216,22.48
TRX/BTC,"[[3.43e-06, 4494.0]]","[[3.45e-06, 34309.0]]",2022-07-05 15:17:57.303,1580047,TRX,BTC,64.1,3.43e-06,4494.0,3.45e-06,34309.0
XRP/BTC,[],[],2022-07-05 15:17:57.364,48000651,XRP,BTC,61.8,,,,
ADA/BUSD,"[[0.446, 924.4]]","[[0.447, 5427.0]]",2022-07-05 15:17:57.431,8925340,ADA,BUSD,66.4,0.446,924.4,0.447,5427.0
BNB/BUSD,"[[223.7971, 0.5]]","[[224.2878, 0.1]]",2022-07-05 15:17:57.504,207237973,BNB,BUSD,72.8,223.7971,0.5,224.2878,0.1
BTC/BUSD,"[[19394.7, 0.034]]","[[19405.33, 0.034]]",2022-07-05 15:17:57.565,526454703,BTC,BUSD,61.5,19394.7,0.034,19405.33,0.034
ETH/BUSD,"[[1083.45, 0.42]]","[[1084.52, 0.42]]",2022-07-05 15:17:57.626,394937197,ETH,BUSD,60.5,1083.45,0.42,1084.52,0.42
MANA/BUSD,"[[0.8435, 290.0]]","[[0.8459, 2000.0]]",2022-07-05 15:17:57.692,24548870,MANA,BUSD,66.4,0.8435,290.0,0.8459,2000.0
MATIC/BUSD,"[[0.49528, 3581.0]]","[[0.49568, 4596.4]]",2022-07-05 15:17:57.755,331855333,MATIC,BUSD,63.2,0.49528,3581.0,0.49568,4596.4
POLY/BUSD,"[[0.1879, 5002.3]]","[[0.1887, 244.0]]",2022-07-05 15:17:57.826,3423135,POLY,BUSD,70.6,0.1879,5002.3,0.1887,244.0
SOL/BUSD,"[[33.32, 25.03]]","[[33.41, 9.25]]",2022-07-05 15:17:57.895,36827347,SOL,BUSD,69.1,33.32,25.03,33.41,9.25
TRX/BUSD,"[[0.06664, 4496.3]]","[[0.06677, 4497.9]]",2022-07-05 15:17:57.964,9528548,TRX,BUSD,68.2,0.06664,4496.3,0.06677,4497.9
USDC/BUSD,"[[0.9998, 63851.52]]","[[1.0, 178692.97]]",2022-07-05 15:17:58.030,637687,USDC,BUSD,66.4,0.9998,63851.52,1.0,178692.97
XRP/BUSD,[],[],2022-07-05 15:17:58.095,28045681,XRP,BUSD,65.4,,,,
BTC/USDC,"[[19398.73, 0.035]]","[[19408.43, 0.046391]]",2022-07-05 15:17:58.161,232601758,BTC,USDC,65.2,19398.73,0.035,19408.43,0.046391
ETH/USDC,"[[1083.49, 0.415]]","[[1084.14, 0.415]]",2022-07-05 15:17:58.228,68070897,ETH,USDC,67.4,1083.49,0.415,1084.14,0.415
BTC/UST,[],[],2022-07-05 15:17:58.297,2296799,BTC,UST,68.5,,,,
