,bids,asks,timestamp,nonce,base,quote,run_time (ms),bid_price,bid_volume,ask_price,ask_volume
ADA/USD,"[[0.4447, 1200.0]]","[[0.4451, 996.0]]",2022-07-05 15:13:14.490,1021520897,ADA,USD,74.9,0.4447,1200.0,0.4451,996.0
BNB/USD,"[[223.0269, 0.179]]","[[223.1959, 0.179]]",2022-07-05 15:13:14.567,1337483751,BNB,USD,76.9,223.0269,0.179,223.1959,0.179
BTC/USD,"[[19337.87, 0.031006]]","[[19346.13, 0.14]]",2022-07-05 15:13:14.645,2157428948,BTC,USD,78.0,19337.87,0.031006,19346.13,0.14
BUSD/USD,"[[0.9999, 19261.16]]","[[1.0001, 40482.45]]",2022-07-05 15:13:14.726,10406086,BUSD,USD,80.1,0.9999,19261.16,1.0001,40482.45
ETH/USD,"[[1078.52, 1.4]]","[[1078.9, 0.71632]]",2022-07-05 15:13:14.805,1876499272,ETH,USD,79.2,1078.52,1.4,1078.9,0.71632
MANA/USD,"[[0.8392, 300.0]]","[[0.8404, 466.93]]",2022-07-05 15:13:14.882,706538428,MANA,USD,76.6,0.8392,300.0,0.8404,466.93
MATIC/USD,"[[0.493, 10900.0]]","[[0.4934, 900.0]]",2022-07-05 15:13:14.959,1034194497,MATIC,USD,77.0,0.493,10900.0,0.4934,900.0
POLY/USD,"[[0.1872, 800.0]]","[[0.1881, 244.0]]",2022-07-05 15:13:15.033,5328411,POLY,USD,74.8,0.1872,800.0,0.1881,244.0
SOL/USD,"[[33.1761, 35.04]]","[[33.1902, 0.47]]",2022-07-05 15:13:15.108,1207506996,SOL,USD,74.4,33.1761,35.04,33.1902,0.47
TRX/USD,"[[0.0665, 25419.6]]","[[0.0667, 154159.0]]",2022-07-05 15:13:15.198,8023759,TRX,USD,89.4,0.0665,25419.6,0.0667,154159.0
USDC/USD,"[[0.9999, 59815.57]]","[[1.0, 370961.27]]",2022-07-05 15:13:15.272,22986398,USDC,USD,74.8,0.9999,59815.57,1.0,370961.27
USDT/USD,"[[0.9987, 62148.12]]","[[0.9989, 35967.51]]",2022-07-05 15:13:15.347,60365870,USDT,USD,74.7,0.9987,62148.12,0.9989,35967.51
UST/USD,[],[],2022-07-05 15:13:15.422,3225972,UST,USD,74.8,,,,
XRP/USD,[],[],2022-07-05 15:13:15.499,119696569,XRP,USD,76.7,,,,
ADA/USDT,"[[0.44482, 550.0]]","[[0.44564, 524.3]]",2022-07-05 15:13:15.576,605983540,ADA,USDT,77.4,0.44482,550.0,0.44564,524.3
BNB/USDT,"[[223.2746, 1.4]]","[[223.4439, 1.4]]",2022-07-05 15:13:15.651,764020061,BNB,USDT,74.7,223.2746,1.4,223.4439,1.4
BTC/USDT,"[[19358.39, 0.025838]]","[[19372.04, 0.085]]",2022-07-05 15:13:15.730,1165107897,BTC,USDT,78.5,19358.39,0.025838,19372.04,0.085
BUSD/USDT,"[[1.001, 131686.98]]","[[1.0015, 264236.21]]",2022-07-05 15:13:15.805,3608470,BUSD,USDT,74.8,1.001,131686.98,1.0015,264236.21
ETH/USDT,"[[1079.57, 0.9]]","[[1080.25, 4.33182]]",2022-07-05 15:13:15.879,1075446826,ETH,USDT,74.6,1079.57,0.9,1080.25,4.33182
MANA/USDT,"[[0.8398, 314.0]]","[[0.8424, 300.0]]",2022-07-05 15:13:15.958,47051287,MANA,USDT,78.8,0.8398,314.0,0.8424,300.0
MATIC/USDT,"[[0.493, 2008.3]]","[[0.494, 582.8]]",2022-07-05 15:13:16.041,41493160,MATIC,USDT,82.7,0.493,2008.3,0.494,582.8
POLY/USDT,"[[0.1873, 800.0]]","[[0.1886, 244.0]]",2022-07-05 15:13:16.121,3643070,POLY,USDT,79.9,0.1873,800.0,0.1886,244.0
SOL/USDT,"[[33.2056, 12.0]]","[[33.2354, 12.0]]",2022-07-05 15:16:24.349,501545343,SOL,USDT,1745.2,33.2056,12.0,33.2354,12.0
TRX/USDT,"[[0.06666, 11264.4]]","[[0.0668, 14161.0]]",2022-07-05 15:16:27.639,14722716,TRX,USDT,3288.6,0.06666,11264.4,0.0668,14161.0
USDC/USDT,"[[1.001, 203462.0]]","[[1.0016, 376353.0]]",2022-07-05 15:16:27.707,1226134,USDC,USDT,67.8,1.001,203462.0,1.0016,376353.0
UST/USDT,[],[],2022-07-05 15:16:27.842,1960270,UST,USDT,134.5,,,,
XRP/USDT,[],[],2022-07-05 15:16:27.908,100846158,XRP,USDT,66.2,,,,
ADA/BTC,"[[2.298e-05, 1676.0]]","[[2.305e-05, 10913.0]]",2022-07-05 15:16:27.975,122120901,ADA,BTC,66.6,2.298e-05,1676.0,2.305e-05,10913.0
BNB/BTC,"[[0.0115348, 0.13]]","[[0.0115483, 0.11]]",2022-07-05 15:16:28.045,243623381,BNB,BTC,70.4,0.0115348,0.13,0.0115483,0.11
ETH/BTC,"[[0.05582, 0.32]]","[[0.055849, 0.528]]",2022-07-05 15:16:28.114,377747165,ETH,BTC,68.3,0.05582,0.32,0.055849,0.528
MANA/BTC,"[[4.348e-05, 350.0]]","[[4.357e-05, 69.0]]",2022-07-05 15:16:28.182,13381767,MANA,BTC,68.4,4.348e-05,350.0,4.357e-05,69.0
MATIC/BTC,"[[2.552e-05, 690.1]]","[[2.557e-05, 454.1]]",2022-07-05 15:16:28.250,13643209,MATIC,BTC,67.7,2.552e-05,690.1,2.557e-05,454.1
POLY/BTC,"[[9.68e-06, 941.0]]","[[9.73e-06, 239.0]]",2022-07-05 15:16:28.325,2420669,POLY,BTC,75.0,9.68e-06,941.0,9.73e-06,239.0
SOL/BTC,"[[0.0017196, 0.18]]","[[0.0017215, 7.5]]",2022-07-05 15:16:28.400,49638126,SOL,BTC,74.8,0.0017196,0.18,0.0017215,7.5
TRX/BTC,"[[3.43e-06, 849278.0]]","[[3.45e-06, 20915.0]]",2022-07-05 15:16:28.468,1580031,TRX,BTC,68.1,3.43e-06,849278.0,3.45e-06,20915.0
XRP/BTC,[],[],2022-07-05 15:16:28.536,48000651,XRP,BTC,68.4,,,,
ADA/BUSD,"[[0.445, 5609.2]]","[[0.447, 24144.5]]",2022-07-05 15:16:28.603,8925318,ADA,BUSD,66.8,0.445,5609.2,0.447,24144.5
BNB/BUSD,"[[223.4975, 2.39]]","[[223.8123, 33.46]]",2022-07-05 15:16:28.669,207237679,BNB,BUSD,65.8,223.4975,2.39,223.8123,33.46
BTC/BUSD,"[[19370.36, 0.034]]","[[19382.86, 0.034]]",2022-07-05 15:16:28.741,526452044,BTC,BUSD,72.3,19370.36,0.034,19382.86,0.034
ETH/BUSD,"[[1081.64, 0.42]]","[[1082.33, 8e-05]]",2022-07-05 15:16:28.810,394935434,ETH,BUSD,68.3,1081.64,0.42,1082.33,8e-05
MANA/BUSD,"[[0.8418, 300.0]]","[[0.8445, 57.0]]",2022-07-05 15:16:28.878,24548780,MANA,BUSD,68.3,0.8418,300.0,0.8445,57.0
MATIC/BUSD,"[[0.49427, 606.1]]","[[0.49504, 4504.8]]",2022-07-05 15:16:28.946,331854627,MATIC,BUSD,68.2,0.49427,606.1,0.49504,4504.8
POLY/BUSD,"[[0.1875, 1396.6]]","[[0.1885, 244.0]]",2022-07-05 15:16:29.012,3423103,POLY,BUSD,66.2,0.1875,1396.6,0.1885,244.0
SOL/BUSD,"[[33.3, 0.68]]","[[33.37, 8.76]]",2022-07-05 15:16:29.079,36827073,SOL,BUSD,66.3,33.3,0.68,33.37,8.76
TRX/BUSD,"[[0.06659, 10555.1]]","[[0.06671, 17144.7]]",2022-07-05 15:16:29.150,9528480,TRX,BUSD,70.8,0.06659,10555.1,0.06671,17144.7
USDC/BUSD,"[[0.9998, 63851.52]]","[[1.0, 178692.97]]",2022-07-05 15:16:29.222,637687,USDC,BUSD,72.1,0.9998,63851.52,1.0,178692.97
XRP/BUSD,[],[],2022-07-05 15:16:29.303,28045681,XRP,BUSD,81.2,,,,
BTC/USDC,"[[19372.33, 0.035]]","[[19389.07, 0.036173]]",2022-07-05 15:16:29.371,232599820,BTC,USDC,68.1,19372.33,0.035,19389.07,0.036173
ETH/USDC,"[[1081.93, 0.415]]","[[1083.42, 0.3493]]",2022-07-05 15:16:29.437,68069837,ETH,USDC,65.7,1081.93,0.415,1083.42,0.3493
BTC/UST,[],[],2022-07-05 15:16:29.506,2296799,BTC,UST,69.0,,,,
