,bids,asks,timestamp,nonce,base,quote,run_time (ms),bid_price,bid_volume,ask_price,ask_volume
ADA/USD,"[[0.4485, 1200.0]]","[[0.4487, 342.4]]",2022-07-05 15:51:04.058,1021549084,ADA,USD,69.4,0.4485,1200.0,0.4487,342.4
BNB/USD,"[[224.3668, 0.178]]","[[224.4652, 4.378]]",2022-07-05 15:51:04.125,1337540983,BNB,USD,66.3,224.3668,0.178,224.4652,4.378
BTC/USD,"[[19468.27, 0.000565]]","[[19473.75, 0.03023]]",2022-07-05 15:51:04.193,2157578131,BTC,USD,68.3,19468.27,0.000565,19473.75,0.03023
BUSD/USD,"[[0.9999, 12674.79]]","[[1.0001, 33997.19]]",2022-07-05 15:51:04.259,10406309,BUSD,USD,66.0,0.9999,12674.79,1.0001,33997.19
ETH/USD,"[[1090.73, 1.4]]","[[1091.09, 0.60608]]",2022-07-05 15:51:04.325,1876638792,ETH,USD,66.3,1090.73,1.4,1091.09,0.60608
MANA/USD,"[[0.847, 2600.0]]","[[0.8479, 56.23]]",2022-07-05 15:51:04.392,706563054,MANA,USD,66.1,0.847,2600.0,0.8479,56.23
MATIC/USD,"[[0.495, 900.0]]","[[0.4954, 695.5]]",2022-07-05 15:51:04.459,1034257006,MATIC,USD,68.0,0.495,900.0,0.4954,695.5
POLY/USD,"[[0.189, 1665.7]]","[[0.1896, 2427.1]]",2022-07-05 15:51:04.531,5329295,POLY,USD,71.0,0.189,1665.7,0.1896,2427.1
SOL/USD,"[[33.7025, 25.0]]","[[33.7072, 25.0]]",2022-07-05 15:51:04.597,1207613533,SOL,USD,66.5,33.7025,25.0,33.7072,25.0
TRX/USD,"[[0.0668, 23228.9]]","[[0.067, 202537.0]]",2022-07-05 15:51:04.663,8025136,TRX,USD,66.1,0.0668,23228.9,0.067,202537.0
USDC/USD,"[[0.9999, 64605.13]]","[[1.0, 370200.7]]",2022-07-05 15:51:04.729,22986559,USDC,USD,65.7,0.9999,64605.13,1.0,370200.7
USDT/USD,"[[0.9987, 35778.91]]","[[0.9989, 63706.55]]",2022-07-05 15:51:04.796,60396637,USDT,USD,66.7,0.9987,35778.91,0.9989,63706.55
UST/USD,[],[],2022-07-05 15:51:04.861,3225972,UST,USD,65.3,,,,
XRP/USD,[],[],2022-07-05 15:51:04.928,119696569,XRP,USD,66.5,,,,
ADA/USDT,"[[0.44909, 550.0]]","[[0.44923, 45.5]]",2022-07-05 15:51:04.994,606007647,ADA,USDT,66.4,0.44909,550.0,0.44923,45.5
BNB/USDT,"[[224.7174, 1.4]]","[[224.9123, 1.4]]",2022-07-05 15:51:05.061,764049677,BNB,USDT,66.8,224.7174,1.4,224.9123,1.4
BTC/USDT,"[[19495.54, 0.085]]","[[19501.36, 0.085]]",2022-07-05 15:51:05.128,1165189489,BTC,USDT,67.5,19495.54,0.085,19501.36,0.085
BUSD/USDT,"[[1.001, 130886.98]]","[[1.0015, 261974.0]]",2022-07-05 15:51:05.197,3608541,BUSD,USDT,68.3,1.001,130886.98,1.0015,261974.0
ETH/USDT,"[[1091.96, 0.9]]","[[1092.67, 0.9]]",2022-07-05 15:51:05.267,1075571224,ETH,USDT,70.5,1091.96,0.9,1092.67,0.9
MANA/USDT,"[[0.8478, 281.0]]","[[0.8488, 35.0]]",2022-07-05 15:51:05.333,47055257,MANA,USDT,66.3,0.8478,281.0,0.8488,35.0
MATIC/USDT,"[[0.495, 2021.2]]","[[0.497, 6798.1]]",2022-07-05 15:51:05.401,41497607,MATIC,USDT,67.3,0.495,2021.2,0.497,6798.1
POLY/USDT,"[[0.1892, 1160.5]]","[[0.1903, 3197.4]]",2022-07-05 15:51:05.468,3643535,POLY,USDT,67.1,0.1892,1160.5,0.1903,3197.4
SOL/USDT,"[[33.7342, 12.0]]","[[33.7471, 0.82]]",2022-07-05 15:51:05.534,501585727,SOL,USDT,66.0,33.7342,12.0,33.7471,0.82
TRX/USDT,"[[0.06691, 7413.7]]","[[0.06707, 4484.6]]",2022-07-05 15:51:05.600,14724647,TRX,USDT,66.3,0.06691,7413.7,0.06707,4484.6
USDC/USDT,"[[1.001, 199962.0]]","[[1.0016, 376241.0]]",2022-07-05 15:51:05.666,1226141,USDC,USDT,66.1,1.001,199962.0,1.0016,376241.0
UST/USDT,[],[],2022-07-05 15:51:05.735,1960270,UST,USDT,68.2,,,,
XRP/USDT,[],[],2022-07-05 15:51:05.801,100846158,XRP,USDT,66.3,,,,
ADA/BTC,"[[2.302e-05, 1189.0]]","[[2.307e-05, 28984.0]]",2022-07-05 15:51:05.878,122121704,ADA,BTC,76.8,2.302e-05,1189.0,2.307e-05,28984.0
BNB/BTC,"[[0.0115178, 0.01]]","[[0.0115291, 0.08]]",2022-07-05 15:51:05.944,243625698,BNB,BTC,66.4,0.0115178,0.01,0.0115291,0.08
ETH/BTC,"[[0.056004, 0.32]]","[[0.056043, 1.3]]",2022-07-05 15:51:06.012,377775702,ETH,BTC,68.3,0.056004,0.32,0.056043,1.3
MANA/BTC,"[[4.351e-05, 284.0]]","[[4.358e-05, 264.0]]",2022-07-05 15:51:06.079,13382677,MANA,BTC,66.1,4.351e-05,284.0,4.358e-05,264.0
MATIC/BTC,"[[2.541e-05, 518.5]]","[[2.547e-05, 544.2]]",2022-07-05 15:51:06.150,13645733,MATIC,BTC,71.2,2.541e-05,518.5,2.547e-05,544.2
POLY/BTC,"[[9.68e-06, 1131.0]]","[[9.74e-06, 1063.0]]",2022-07-05 15:51:06.217,2420913,POLY,BTC,67.4,9.68e-06,1131.0,9.74e-06,1063.0
SOL/BTC,"[[0.0017291, 16.87]]","[[0.0017298, 0.18]]",2022-07-05 15:51:06.284,49648584,SOL,BTC,66.2,0.0017291,16.87,0.0017298,0.18
TRX/BTC,"[[3.43e-06, 4492.0]]","[[3.45e-06, 37979.0]]",2022-07-05 15:51:06.352,1580390,TRX,BTC,68.3,3.43e-06,4492.0,3.45e-06,37979.0
XRP/BTC,[],[],2022-07-05 15:51:06.420,48000651,XRP,BTC,68.3,,,,
ADA/BUSD,"[[0.448, 830.3]]","[[0.449, 21165.5]]",2022-07-05 15:51:06.487,8925782,ADA,BUSD,66.3,0.448,830.3,0.449,21165.5
BNB/BUSD,"[[224.0965, 6.08]]","[[224.5303, 57.65]]",2022-07-05 15:51:06.553,207242487,BNB,BUSD,66.0,224.0965,6.08,224.5303,57.65
BTC/BUSD,"[[19466.06, 0.002053]]","[[19480.1, 0.034]]",2022-07-05 15:51:06.623,526507958,BTC,BUSD,70.3,19466.06,0.002053,19480.1,0.034
ETH/BUSD,"[[1090.41, 0.42]]","[[1091.74, 0.42]]",2022-07-05 15:51:06.690,394978344,ETH,BUSD,66.6,1090.41,0.42,1091.74,0.42
MANA/BUSD,"[[0.8469, 200.0]]","[[0.8495, 1470.0]]",2022-07-05 15:51:06.756,24550875,MANA,BUSD,66.2,0.8469,200.0,0.8495,1470.0
MATIC/BUSD,"[[0.49493, 460.0]]","[[0.49593, 2000.0]]",2022-07-05 15:51:06.822,331867438,MATIC,BUSD,66.0,0.49493,460.0,0.49593,2000.0
POLY/BUSD,"[[0.1889, 1084.7]]","[[0.1901, 2666.5]]",2022-07-05 15:51:06.890,3423615,POLY,BUSD,68.2,0.1889,1084.7,0.1901,2666.5
SOL/BUSD,"[[33.65, 5.41]]","[[33.73, 36.37]]",2022-07-05 15:51:06.959,36830730,SOL,BUSD,68.5,33.65,5.41,33.73,36.37
TRX/BUSD,"[[0.06684, 8559.6]]","[[0.06695, 3215.5]]",2022-07-05 15:51:07.025,9530254,TRX,BUSD,66.3,0.06684,8559.6,0.06695,3215.5
USDC/BUSD,"[[0.9998, 61930.52]]","[[1.0, 178692.97]]",2022-07-05 15:51:07.091,637688,USDC,BUSD,66.5,0.9998,61930.52,1.0,178692.97
XRP/BUSD,[],[],2022-07-05 15:51:07.157,28045681,XRP,BUSD,65.3,,,,
BTC/USDC,"[[19467.14, 0.026]]","[[19492.44, 0.551054]]",2022-07-05 15:51:07.223,232644214,BTC,USDC,66.3,19467.14,0.026,19492.44,0.551054
ETH/USDC,"[[1090.39, 0.415]]","[[1091.74, 0.415]]",2022-07-05 15:51:07.290,68100025,ETH,USDC,66.7,1090.39,0.415,1091.74,0.415
BTC/UST,[],[],2022-07-05 15:51:07.355,2296799,BTC,UST,65.7,,,,
